%YAML 1.1
%TAG !u! tag:unity3d.com,2011:
--- !u!1 &56474074869205143
GameObject:
  m_ObjectHideFlags: 0
  m_CorrespondingSourceObject: {fileID: 0}
  m_PrefabInstance: {fileID: 0}
  m_PrefabAsset: {fileID: 0}
  serializedVersion: 6
  m_Component:
  - component: {fileID: 396394859989870112}
  m_Layer: 0
  m_Name: mixamorig:LeftHandIndex3
  m_TagString: Untagged
  m_Icon: {fileID: 0}
  m_NavMeshLayer: 0
  m_StaticEditorFlags: 0
  m_IsActive: 1
--- !u!4 &396394859989870112
Transform:
  m_ObjectHideFlags: 0
  m_CorrespondingSourceObject: {fileID: 0}
  m_PrefabInstance: {fileID: 0}
  m_PrefabAsset: {fileID: 0}
  m_GameObject: {fileID: 56474074869205143}
  m_LocalRotation: {x: 0.05517939, y: -0.0009217209, z: -0.020192673, w: 0.9982718}
  m_LocalPosition: {x: 0.00053558213, y: 0.056128398, z: -0.0000000011059289}
  m_LocalScale: {x: 1, y: 1, z: 1}
  m_Children:
  - {fileID: 7651571542449987392}
  m_Father: {fileID: 4920214635591846863}
  m_RootOrder: 0
  m_LocalEulerAnglesHint: {x: 0, y: 0, z: 0}
--- !u!1 &59053588425840952
GameObject:
  m_ObjectHideFlags: 0
  m_CorrespondingSourceObject: {fileID: 0}
  m_PrefabInstance: {fileID: 0}
  m_PrefabAsset: {fileID: 0}
  serializedVersion: 6
  m_Component:
  - component: {fileID: 7026139883529748548}
  m_Layer: 0
  m_Name: mixamorig:LeftUpLeg
  m_TagString: Untagged
  m_Icon: {fileID: 0}
  m_NavMeshLayer: 0
  m_StaticEditorFlags: 0
  m_IsActive: 1
--- !u!4 &7026139883529748548
Transform:
  m_ObjectHideFlags: 0
  m_CorrespondingSourceObject: {fileID: 0}
  m_PrefabInstance: {fileID: 0}
  m_PrefabAsset: {fileID: 0}
  m_GameObject: {fileID: 59053588425840952}
  m_LocalRotation: {x: -0.09738599, y: 0.47364685, z: 0.8744265, w: 0.039407957}
  m_LocalPosition: {x: -0.22905074, y: -0.14719102, z: 0.0376799}
  m_LocalScale: {x: 1, y: 1, z: 1}
  m_Children:
  - {fileID: 512329231889791172}
  m_Father: {fileID: 2035987279049137325}
  m_RootOrder: 0
  m_LocalEulerAnglesHint: {x: 0, y: 0, z: 0}
--- !u!1 &90257756228853407
GameObject:
  m_ObjectHideFlags: 0
  m_CorrespondingSourceObject: {fileID: 0}
  m_PrefabInstance: {fileID: 0}
  m_PrefabAsset: {fileID: 0}
  serializedVersion: 6
  m_Component:
  - component: {fileID: 777895094072307644}
  m_Layer: 0
  m_Name: mixamorig:Neck
  m_TagString: Untagged
  m_Icon: {fileID: 0}
  m_NavMeshLayer: 0
  m_StaticEditorFlags: 0
  m_IsActive: 1
--- !u!4 &777895094072307644
Transform:
  m_ObjectHideFlags: 0
  m_CorrespondingSourceObject: {fileID: 0}
  m_PrefabInstance: {fileID: 0}
  m_PrefabAsset: {fileID: 0}
  m_GameObject: {fileID: 90257756228853407}
  m_LocalRotation: {x: -0.076176845, y: -0.012385443, z: 0.00772486, w: 0.9969875}
  m_LocalPosition: {x: -0, y: 0.39815757, z: 0.00000004785614}
  m_LocalScale: {x: 1, y: 1, z: 1}
  m_Children:
  - {fileID: 8627960265424214236}
  m_Father: {fileID: 510778735298354012}
  m_RootOrder: 1
  m_LocalEulerAnglesHint: {x: 0, y: 0, z: 0}
--- !u!1 &271732575611869058
GameObject:
  m_ObjectHideFlags: 0
  m_CorrespondingSourceObject: {fileID: 0}
  m_PrefabInstance: {fileID: 0}
  m_PrefabAsset: {fileID: 0}
  serializedVersion: 6
  m_Component:
  - component: {fileID: 5211127397333437288}
  m_Layer: 0
  m_Name: mixamorig:LeftToeBase
  m_TagString: Untagged
  m_Icon: {fileID: 0}
  m_NavMeshLayer: 0
  m_StaticEditorFlags: 0
  m_IsActive: 1
--- !u!4 &5211127397333437288
Transform:
  m_ObjectHideFlags: 0
  m_CorrespondingSourceObject: {fileID: 0}
  m_PrefabInstance: {fileID: 0}
  m_PrefabAsset: {fileID: 0}
  m_GameObject: {fileID: 271732575611869058}
  m_LocalRotation: {x: 0.25089386, y: 0.071561, z: -0.029309062, w: 0.9649209}
  m_LocalPosition: {x: -6.9969386e-10, y: 0.4413737, z: 0.00000001343383}
  m_LocalScale: {x: 1, y: 1, z: 1}
  m_Children:
  - {fileID: 2859753778487601180}
  m_Father: {fileID: 5215434329790055507}
  m_RootOrder: 0
  m_LocalEulerAnglesHint: {x: 0, y: 0, z: 0}
--- !u!1 &369897196959111974
GameObject:
  m_ObjectHideFlags: 0
  m_CorrespondingSourceObject: {fileID: 0}
  m_PrefabInstance: {fileID: 0}
  m_PrefabAsset: {fileID: 0}
  serializedVersion: 6
  m_Component:
  - component: {fileID: 2832393682593430133}
  m_Layer: 0
  m_Name: mixamorig:RightHandRing1
  m_TagString: Untagged
  m_Icon: {fileID: 0}
  m_NavMeshLayer: 0
  m_StaticEditorFlags: 0
  m_IsActive: 1
--- !u!4 &2832393682593430133
Transform:
  m_ObjectHideFlags: 0
  m_CorrespondingSourceObject: {fileID: 0}
  m_PrefabInstance: {fileID: 0}
  m_PrefabAsset: {fileID: 0}
  m_GameObject: {fileID: 369897196959111974}
  m_LocalRotation: {x: 0.5920572, y: -0.02132102, z: -0.04773591, w: 0.8041983}
  m_LocalPosition: {x: 0.09587153, y: 0.2990673, z: 0.05647299}
  m_LocalScale: {x: 1, y: 1, z: 1}
  m_Children:
  - {fileID: 6402325593987980861}
  m_Father: {fileID: 976720355389176136}
  m_RootOrder: 3
  m_LocalEulerAnglesHint: {x: 0, y: 0, z: 0}
--- !u!1 &817946226502544338
GameObject:
  m_ObjectHideFlags: 0
  m_CorrespondingSourceObject: {fileID: 0}
  m_PrefabInstance: {fileID: 0}
  m_PrefabAsset: {fileID: 0}
  serializedVersion: 6
  m_Component:
  - component: {fileID: 2047368133702932747}
  m_Layer: 0
  m_Name: mixamorig:Spine
  m_TagString: Untagged
  m_Icon: {fileID: 0}
  m_NavMeshLayer: 0
  m_StaticEditorFlags: 0
  m_IsActive: 1
--- !u!4 &2047368133702932747
Transform:
  m_ObjectHideFlags: 0
  m_CorrespondingSourceObject: {fileID: 0}
  m_PrefabInstance: {fileID: 0}
  m_PrefabAsset: {fileID: 0}
  m_GameObject: {fileID: 817946226502544338}
  m_LocalRotation: {x: 0.22732005, y: -0.053977456, z: 0.042280946, w: 0.9714033}
  m_LocalPosition: {x: -0, y: 0.26530403, z: -0.008446426}
  m_LocalScale: {x: 1, y: 1, z: 1}
  m_Children:
  - {fileID: 2903401377639063929}
  m_Father: {fileID: 2035987279049137325}
  m_RootOrder: 2
  m_LocalEulerAnglesHint: {x: 0, y: 0, z: 0}
--- !u!1 &1031327457732889767
GameObject:
  m_ObjectHideFlags: 0
  m_CorrespondingSourceObject: {fileID: 0}
  m_PrefabInstance: {fileID: 0}
  m_PrefabAsset: {fileID: 0}
  serializedVersion: 6
  m_Component:
  - component: {fileID: 5408000313375043844}
  m_Layer: 0
  m_Name: mixamorig:LeftHandRing4
  m_TagString: Untagged
  m_Icon: {fileID: 0}
  m_NavMeshLayer: 0
  m_StaticEditorFlags: 0
  m_IsActive: 1
--- !u!4 &5408000313375043844
Transform:
  m_ObjectHideFlags: 0
  m_CorrespondingSourceObject: {fileID: 0}
  m_PrefabInstance: {fileID: 0}
  m_PrefabAsset: {fileID: 0}
  m_GameObject: {fileID: 1031327457732889767}
  m_LocalRotation: {x: 0, y: -0, z: -0, w: 1}
  m_LocalPosition: {x: 0.004875738, y: 0.050165787, z: 1.6375594e-10}
  m_LocalScale: {x: 1, y: 1, z: 1}
  m_Children: []
  m_Father: {fileID: 1966268862987391864}
  m_RootOrder: 0
  m_LocalEulerAnglesHint: {x: 0, y: 0, z: 0}
--- !u!1 &1083760381640937406
GameObject:
  m_ObjectHideFlags: 0
  m_CorrespondingSourceObject: {fileID: 0}
  m_PrefabInstance: {fileID: 0}
  m_PrefabAsset: {fileID: 0}
  serializedVersion: 6
  m_Component:
  - component: {fileID: 7651571542449987392}
  m_Layer: 0
  m_Name: mixamorig:LeftHandIndex4
  m_TagString: Untagged
  m_Icon: {fileID: 0}
  m_NavMeshLayer: 0
  m_StaticEditorFlags: 0
  m_IsActive: 1
--- !u!4 &7651571542449987392
Transform:
  m_ObjectHideFlags: 0
  m_CorrespondingSourceObject: {fileID: 0}
  m_PrefabInstance: {fileID: 0}
  m_PrefabAsset: {fileID: 0}
  m_GameObject: {fileID: 1083760381640937406}
  m_LocalRotation: {x: 0, y: -0, z: -0, w: 1}
  m_LocalPosition: {x: -0.0031116104, y: 0.0489343, z: 4.423555e-12}
  m_LocalScale: {x: 1, y: 1, z: 1}
  m_Children: []
  m_Father: {fileID: 396394859989870112}
  m_RootOrder: 0
  m_LocalEulerAnglesHint: {x: 0, y: 0, z: 0}
--- !u!1 &1276068081560844763
GameObject:
  m_ObjectHideFlags: 0
  m_CorrespondingSourceObject: {fileID: 0}
  m_PrefabInstance: {fileID: 0}
  m_PrefabAsset: {fileID: 0}
  serializedVersion: 6
  m_Component:
  - component: {fileID: 2044905889459301290}
  m_Layer: 0
  m_Name: mixamorig:RightHandPinky3
  m_TagString: Untagged
  m_Icon: {fileID: 0}
  m_NavMeshLayer: 0
  m_StaticEditorFlags: 0
  m_IsActive: 1
--- !u!4 &2044905889459301290
Transform:
  m_ObjectHideFlags: 0
  m_CorrespondingSourceObject: {fileID: 0}
  m_PrefabInstance: {fileID: 0}
  m_PrefabAsset: {fileID: 0}
  m_GameObject: {fileID: 1276068081560844763}
  m_LocalRotation: {x: 0.22350053, y: 0.0010915379, z: -0.03817177, w: 0.97395545}
  m_LocalPosition: {x: 0.00082924624, y: 0.061262168, z: 0.0000000011702708}
  m_LocalScale: {x: 1, y: 1, z: 1}
  m_Children:
  - {fileID: 2651258059566075040}
  m_Father: {fileID: 7956022924694233089}
  m_RootOrder: 0
  m_LocalEulerAnglesHint: {x: 0, y: 0, z: 0}
--- !u!1 &1449881754516228515
GameObject:
  m_ObjectHideFlags: 0
  m_CorrespondingSourceObject: {fileID: 0}
  m_PrefabInstance: {fileID: 0}
  m_PrefabAsset: {fileID: 0}
  serializedVersion: 6
  m_Component:
  - component: {fileID: 4592344040773780007}
  m_Layer: 0
  m_Name: mixamorig:RightHandIndex4
  m_TagString: Untagged
  m_Icon: {fileID: 0}
  m_NavMeshLayer: 0
  m_StaticEditorFlags: 0
  m_IsActive: 1
--- !u!4 &4592344040773780007
Transform:
  m_ObjectHideFlags: 0
  m_CorrespondingSourceObject: {fileID: 0}
  m_PrefabInstance: {fileID: 0}
  m_PrefabAsset: {fileID: 0}
  m_GameObject: {fileID: 1449881754516228515}
  m_LocalRotation: {x: 0, y: -0, z: -0, w: 1}
  m_LocalPosition: {x: 0.0002383147, y: 0.0512142, z: -8.0124636e-11}
  m_LocalScale: {x: 1, y: 1, z: 1}
  m_Children: []
  m_Father: {fileID: 3907996475955755826}
  m_RootOrder: 0
  m_LocalEulerAnglesHint: {x: 0, y: 0, z: 0}
--- !u!1 &1533074640454302574
GameObject:
  m_ObjectHideFlags: 0
  m_CorrespondingSourceObject: {fileID: 0}
  m_PrefabInstance: {fileID: 0}
  m_PrefabAsset: {fileID: 0}
  serializedVersion: 6
  m_Component:
  - component: {fileID: 8486191467718248225}
  - component: {fileID: 2372003525393836859}
  - component: {fileID: 429296093}
  m_Layer: 0
  m_Name: Mesh_0152.rip_Mesh_0152.rip.001
  m_TagString: Untagged
  m_Icon: {fileID: 0}
  m_NavMeshLayer: 0
  m_StaticEditorFlags: 0
  m_IsActive: 1
--- !u!4 &8486191467718248225
Transform:
  m_ObjectHideFlags: 0
  m_CorrespondingSourceObject: {fileID: 0}
  m_PrefabInstance: {fileID: 0}
  m_PrefabAsset: {fileID: 0}
  m_GameObject: {fileID: 1533074640454302574}
  m_LocalRotation: {x: 0, y: -0, z: -0, w: 1}
  m_LocalPosition: {x: -0, y: 0, z: 0}
  m_LocalScale: {x: 1, y: 1, z: 1}
  m_Children: []
  m_Father: {fileID: 1998355005933076011}
  m_RootOrder: 1
  m_LocalEulerAnglesHint: {x: 0, y: 0, z: 0}
--- !u!137 &2372003525393836859
SkinnedMeshRenderer:
  m_ObjectHideFlags: 0
  m_CorrespondingSourceObject: {fileID: 0}
  m_PrefabInstance: {fileID: 0}
  m_PrefabAsset: {fileID: 0}
  m_GameObject: {fileID: 1533074640454302574}
  m_Enabled: 1
  m_CastShadows: 1
  m_ReceiveShadows: 1
  m_DynamicOccludee: 1
  m_MotionVectors: 1
  m_LightProbeUsage: 1
  m_ReflectionProbeUsage: 1
  m_RenderingLayerMask: 1
  m_RendererPriority: 0
  m_Materials:
  - {fileID: 2100000, guid: ab0411fa2b23cd74b904b3abf39b6dc5, type: 2}
  m_StaticBatchInfo:
    firstSubMesh: 0
    subMeshCount: 0
  m_StaticBatchRoot: {fileID: 0}
  m_ProbeAnchor: {fileID: 0}
  m_LightProbeVolumeOverride: {fileID: 0}
  m_ScaleInLightmap: 1
  m_ReceiveGI: 1
  m_PreserveUVs: 0
  m_IgnoreNormalsForChartDetection: 0
  m_ImportantGI: 0
  m_StitchLightmapSeams: 1
  m_SelectedEditorRenderState: 3
  m_MinimumChartSize: 4
  m_AutoUVMaxDistance: 0.5
  m_AutoUVMaxAngle: 89
  m_LightmapParameters: {fileID: 0}
  m_SortingLayerID: 0
  m_SortingLayer: 0
  m_SortingOrder: 0
  serializedVersion: 2
  m_Quality: 0
  m_UpdateWhenOffscreen: 0
  m_SkinnedMotionVectors: 1
  m_Mesh: {fileID: 7775247700966388105, guid: 449b59db865580e4da23e486192176e4, type: 3}
  m_Bones:
  - {fileID: 2035987279049137325}
  - {fileID: 2047368133702932747}
  - {fileID: 2903401377639063929}
  - {fileID: 510778735298354012}
  - {fileID: 4751188816371800875}
  - {fileID: 350998612918670156}
  - {fileID: 8627960265424214236}
  - {fileID: 2927268544503054480}
  - {fileID: 5599499985723418574}
  - {fileID: 777895094072307644}
  - {fileID: 4069138634991062740}
  - {fileID: 3468987996232343883}
  - {fileID: 512329231889791172}
  - {fileID: 5215434329790055507}
  - {fileID: 5211127397333437288}
  - {fileID: 7026139883529748548}
  - {fileID: 3653423483104818636}
  - {fileID: 6269151846471700876}
  - {fileID: 8637948393353747757}
  - {fileID: 2450256454652208260}
  m_BlendShapeWeights: []
  m_RootBone: {fileID: 2035987279049137325}
  m_AABB:
    m_Center: {x: -0.032752752, y: -0.38223422, z: 0.69477344}
    m_Extent: {x: 1.1781623, y: 2.2061882, z: 1.3912084}
  m_DirtyAABB: 0
--- !u!114 &429296093
MonoBehaviour:
  m_ObjectHideFlags: 0
  m_CorrespondingSourceObject: {fileID: 0}
  m_PrefabInstance: {fileID: 0}
  m_PrefabAsset: {fileID: 0}
  m_GameObject: {fileID: 1533074640454302574}
  m_Enabled: 1
  m_EditorHideFlags: 0
  m_Script: {fileID: 11500000, guid: 6c6421c5331049947bb8de7156708cfc, type: 3}
  m_Name: 
  m_EditorClassIdentifier: 
  power: 1
  newColor: {r: 0, g: 0.24451472, b: 0.3301887, a: 1}
--- !u!1 &1682245225947998731
GameObject:
  m_ObjectHideFlags: 0
  m_CorrespondingSourceObject: {fileID: 0}
  m_PrefabInstance: {fileID: 0}
  m_PrefabAsset: {fileID: 0}
  serializedVersion: 6
  m_Component:
  - component: {fileID: 5666924769428645612}
  m_Layer: 0
  m_Name: mixamorig:LeftHandThumb1
  m_TagString: Untagged
  m_Icon: {fileID: 0}
  m_NavMeshLayer: 0
  m_StaticEditorFlags: 0
  m_IsActive: 1
--- !u!4 &5666924769428645612
Transform:
  m_ObjectHideFlags: 0
  m_CorrespondingSourceObject: {fileID: 0}
  m_PrefabInstance: {fileID: 0}
  m_PrefabAsset: {fileID: 0}
  m_GameObject: {fileID: 1682245225947998731}
  m_LocalRotation: {x: 0.17304127, y: -0.028000522, z: -0.18702498, w: 0.96658903}
  m_LocalPosition: {x: 0.046933774, y: 0.073596634, z: 0.0890155}
  m_LocalScale: {x: 1, y: 1, z: 1}
  m_Children:
  - {fileID: 8705511132007940648}
  m_Father: {fileID: 7640746881153215123}
  m_RootOrder: 4
  m_LocalEulerAnglesHint: {x: 0, y: 0, z: 0}
--- !u!1 &2193241330877470286
GameObject:
  m_ObjectHideFlags: 0
  m_CorrespondingSourceObject: {fileID: 0}
  m_PrefabInstance: {fileID: 0}
  m_PrefabAsset: {fileID: 0}
  serializedVersion: 6
  m_Component:
  - component: {fileID: 8075271769342990987}
  m_Layer: 0
  m_Name: mixamorig:RightHandThumb1
  m_TagString: Untagged
  m_Icon: {fileID: 0}
  m_NavMeshLayer: 0
  m_StaticEditorFlags: 0
  m_IsActive: 1
--- !u!4 &8075271769342990987
Transform:
  m_ObjectHideFlags: 0
  m_CorrespondingSourceObject: {fileID: 0}
  m_PrefabInstance: {fileID: 0}
  m_PrefabAsset: {fileID: 0}
  m_GameObject: {fileID: 2193241330877470286}
  m_LocalRotation: {x: 0.40094033, y: 0.09611858, z: -0.13040577, w: 0.90166646}
  m_LocalPosition: {x: -0.07693874, y: 0.07511531, z: 0.09958697}
  m_LocalScale: {x: 1, y: 1, z: 1}
  m_Children:
  - {fileID: 5787464952421505799}
  m_Father: {fileID: 976720355389176136}
  m_RootOrder: 4
  m_LocalEulerAnglesHint: {x: 0, y: 0, z: 0}
--- !u!1 &2220002405823437319
GameObject:
  m_ObjectHideFlags: 0
  m_CorrespondingSourceObject: {fileID: 0}
  m_PrefabInstance: {fileID: 0}
  m_PrefabAsset: {fileID: 0}
  serializedVersion: 6
  m_Component:
  - component: {fileID: 510778735298354012}
  m_Layer: 0
  m_Name: mixamorig:Spine2
  m_TagString: Untagged
  m_Icon: {fileID: 0}
  m_NavMeshLayer: 0
  m_StaticEditorFlags: 0
  m_IsActive: 1
--- !u!4 &510778735298354012
Transform:
  m_ObjectHideFlags: 0
  m_CorrespondingSourceObject: {fileID: 0}
  m_PrefabInstance: {fileID: 0}
  m_PrefabAsset: {fileID: 0}
  m_GameObject: {fileID: 2220002405823437319}
  m_LocalRotation: {x: 0.018028725, y: -0.016553944, z: 0.0056639924, w: 0.9996844}
  m_LocalPosition: {x: -0, y: 0.35391808, z: -2.0556015e-10}
  m_LocalScale: {x: 1, y: 1, z: 1}
  m_Children:
  - {fileID: 5599499985723418574}
  - {fileID: 777895094072307644}
  - {fileID: 4751188816371800875}
  m_Father: {fileID: 2903401377639063929}
  m_RootOrder: 0
  m_LocalEulerAnglesHint: {x: 0, y: 0, z: 0}
--- !u!1 &2255481034124828042
GameObject:
  m_ObjectHideFlags: 0
  m_CorrespondingSourceObject: {fileID: 0}
  m_PrefabInstance: {fileID: 0}
  m_PrefabAsset: {fileID: 0}
  serializedVersion: 6
  m_Component:
  - component: {fileID: 3810927641363118199}
  m_Layer: 0
  m_Name: mixamorig:LeftHandThumb3
  m_TagString: Untagged
  m_Icon: {fileID: 0}
  m_NavMeshLayer: 0
  m_StaticEditorFlags: 0
  m_IsActive: 1
--- !u!4 &3810927641363118199
Transform:
  m_ObjectHideFlags: 0
  m_CorrespondingSourceObject: {fileID: 0}
  m_PrefabInstance: {fileID: 0}
  m_PrefabAsset: {fileID: 0}
  m_GameObject: {fileID: 2255481034124828042}
  m_LocalRotation: {x: 0.15928087, y: -0.4146005, z: -0.059126742, w: 0.89400226}
  m_LocalPosition: {x: 0.0016990161, y: 0.11627421, z: 0.000000005604641}
  m_LocalScale: {x: 1, y: 1, z: 1}
  m_Children:
  - {fileID: 1827230393268979581}
  m_Father: {fileID: 8705511132007940648}
  m_RootOrder: 0
  m_LocalEulerAnglesHint: {x: 0, y: 0, z: 0}
--- !u!1 &2851055293482788781
GameObject:
  m_ObjectHideFlags: 0
  m_CorrespondingSourceObject: {fileID: 0}
  m_PrefabInstance: {fileID: 0}
  m_PrefabAsset: {fileID: 0}
  serializedVersion: 6
  m_Component:
  - component: {fileID: 6269151846471700876}
  m_Layer: 0
  m_Name: mixamorig:RightLeg
  m_TagString: Untagged
  m_Icon: {fileID: 0}
  m_NavMeshLayer: 0
  m_StaticEditorFlags: 0
  m_IsActive: 1
--- !u!4 &6269151846471700876
Transform:
  m_ObjectHideFlags: 0
  m_CorrespondingSourceObject: {fileID: 0}
  m_PrefabInstance: {fileID: 0}
  m_PrefabAsset: {fileID: 0}
  m_GameObject: {fileID: 2851055293482788781}
  m_LocalRotation: {x: -0.3913945, y: 0.0775006, z: -0.0071936627, w: 0.91692543}
  m_LocalPosition: {x: -6.4531985e-10, y: 1.1022003, z: -0.0000000013824294}
  m_LocalScale: {x: 1, y: 1, z: 1}
  m_Children:
  - {fileID: 8637948393353747757}
  m_Father: {fileID: 3653423483104818636}
  m_RootOrder: 0
  m_LocalEulerAnglesHint: {x: 0, y: 0, z: 0}
--- !u!1 &2865602138420392796
GameObject:
  m_ObjectHideFlags: 0
  m_CorrespondingSourceObject: {fileID: 0}
  m_PrefabInstance: {fileID: 0}
  m_PrefabAsset: {fileID: 0}
  serializedVersion: 6
  m_Component:
  - component: {fileID: 8705511132007940648}
  m_Layer: 0
  m_Name: mixamorig:LeftHandThumb2
  m_TagString: Untagged
  m_Icon: {fileID: 0}
  m_NavMeshLayer: 0
  m_StaticEditorFlags: 0
  m_IsActive: 1
--- !u!4 &8705511132007940648
Transform:
  m_ObjectHideFlags: 0
  m_CorrespondingSourceObject: {fileID: 0}
  m_PrefabInstance: {fileID: 0}
  m_PrefabAsset: {fileID: 0}
  m_GameObject: {fileID: 2865602138420392796}
  m_LocalRotation: {x: 0.08303253, y: -0.04953218, z: 0.09469829, w: 0.9907999}
  m_LocalPosition: {x: 0.013247237, y: 0.098853566, z: 0.000000004372058}
  m_LocalScale: {x: 1, y: 1, z: 1}
  m_Children:
  - {fileID: 3810927641363118199}
  m_Father: {fileID: 5666924769428645612}
  m_RootOrder: 0
  m_LocalEulerAnglesHint: {x: 0, y: 0, z: 0}
--- !u!1 &3053709808956049744
GameObject:
  m_ObjectHideFlags: 0
  m_CorrespondingSourceObject: {fileID: 0}
  m_PrefabInstance: {fileID: 0}
  m_PrefabAsset: {fileID: 0}
  serializedVersion: 6
  m_Component:
  - component: {fileID: 4069138634991062740}
  m_Layer: 0
  m_Name: mixamorig:RightForeArm
  m_TagString: Untagged
  m_Icon: {fileID: 0}
  m_NavMeshLayer: 0
  m_StaticEditorFlags: 0
  m_IsActive: 1
--- !u!4 &4069138634991062740
Transform:
  m_ObjectHideFlags: 0
  m_CorrespondingSourceObject: {fileID: 0}
  m_PrefabInstance: {fileID: 0}
  m_PrefabAsset: {fileID: 0}
  m_GameObject: {fileID: 3053709808956049744}
  m_LocalRotation: {x: 0.056890815, y: -0.08791781, z: 0.65881884, w: 0.7449776}
  m_LocalPosition: {x: -7.94044e-10, y: 0.61423504, z: -9.104207e-10}
  m_LocalScale: {x: 1, y: 1, z: 1}
  m_Children:
  - {fileID: 976720355389176136}
  m_Father: {fileID: 350998612918670156}
  m_RootOrder: 0
  m_LocalEulerAnglesHint: {x: 0, y: 0, z: 0}
--- !u!1 &3075248593874568291
GameObject:
  m_ObjectHideFlags: 0
  m_CorrespondingSourceObject: {fileID: 0}
  m_PrefabInstance: {fileID: 0}
  m_PrefabAsset: {fileID: 0}
  serializedVersion: 6
  m_Component:
  - component: {fileID: 6903208439525113460}
  m_Layer: 0
  m_Name: mixamorig:RightHandMiddle3
  m_TagString: Untagged
  m_Icon: {fileID: 0}
  m_NavMeshLayer: 0
  m_StaticEditorFlags: 0
  m_IsActive: 1
--- !u!4 &6903208439525113460
Transform:
  m_ObjectHideFlags: 0
  m_CorrespondingSourceObject: {fileID: 0}
  m_PrefabInstance: {fileID: 0}
  m_PrefabAsset: {fileID: 0}
  m_GameObject: {fileID: 3075248593874568291}
  m_LocalRotation: {x: 0.2812152, y: 0.008455572, z: -0.030468533, w: 0.9591237}
  m_LocalPosition: {x: -0.00051413075, y: 0.057678808, z: 0.0000000016401702}
  m_LocalScale: {x: 1, y: 1, z: 1}
  m_Children:
  - {fileID: 3377365358825038481}
  m_Father: {fileID: 1337141021702558960}
  m_RootOrder: 0
  m_LocalEulerAnglesHint: {x: 0, y: 0, z: 0}
--- !u!1 &3229129059678531937
GameObject:
  m_ObjectHideFlags: 0
  m_CorrespondingSourceObject: {fileID: 0}
  m_PrefabInstance: {fileID: 0}
  m_PrefabAsset: {fileID: 0}
  serializedVersion: 6
  m_Component:
  - component: {fileID: 8637948393353747757}
  m_Layer: 0
  m_Name: mixamorig:RightFoot
  m_TagString: Untagged
  m_Icon: {fileID: 0}
  m_NavMeshLayer: 0
  m_StaticEditorFlags: 0
  m_IsActive: 1
--- !u!4 &8637948393353747757
Transform:
  m_ObjectHideFlags: 0
  m_CorrespondingSourceObject: {fileID: 0}
  m_PrefabInstance: {fileID: 0}
  m_PrefabAsset: {fileID: 0}
  m_GameObject: {fileID: 3229129059678531937}
  m_LocalRotation: {x: 0.74916226, y: -0.026237186, z: -0.013836929, w: 0.6617221}
  m_LocalPosition: {x: -2.6068042e-10, y: 1.0342387, z: 0.000000003130487}
  m_LocalScale: {x: 1, y: 1, z: 1}
  m_Children:
  - {fileID: 2450256454652208260}
  m_Father: {fileID: 6269151846471700876}
  m_RootOrder: 0
  m_LocalEulerAnglesHint: {x: 0, y: 0, z: 0}
--- !u!1 &3303806308784568413
GameObject:
  m_ObjectHideFlags: 0
  m_CorrespondingSourceObject: {fileID: 0}
  m_PrefabInstance: {fileID: 0}
  m_PrefabAsset: {fileID: 0}
  serializedVersion: 6
  m_Component:
  - component: {fileID: 3907996475955755826}
  m_Layer: 0
  m_Name: mixamorig:RightHandIndex3
  m_TagString: Untagged
  m_Icon: {fileID: 0}
  m_NavMeshLayer: 0
  m_StaticEditorFlags: 0
  m_IsActive: 1
--- !u!4 &3907996475955755826
Transform:
  m_ObjectHideFlags: 0
  m_CorrespondingSourceObject: {fileID: 0}
  m_PrefabInstance: {fileID: 0}
  m_PrefabAsset: {fileID: 0}
  m_GameObject: {fileID: 3303806308784568413}
  m_LocalRotation: {x: 0.49540415, y: 0.012150774, z: -0.019420715, w: 0.86836046}
  m_LocalPosition: {x: -0.00012584434, y: 0.05637999, z: -3.3249647e-10}
  m_LocalScale: {x: 1, y: 1, z: 1}
  m_Children:
  - {fileID: 4592344040773780007}
  m_Father: {fileID: 6393415104936218774}
  m_RootOrder: 0
  m_LocalEulerAnglesHint: {x: 0, y: 0, z: 0}
--- !u!1 &3305867056751397944
GameObject:
  m_ObjectHideFlags: 0
  m_CorrespondingSourceObject: {fileID: 0}
  m_PrefabInstance: {fileID: 0}
  m_PrefabAsset: {fileID: 0}
  serializedVersion: 6
  m_Component:
  - component: {fileID: 1998355005933076011}
  - component: {fileID: 8444696303964197713}
  - component: {fileID: 6827775364119547702}
  - component: {fileID: 6827775364119547699}
  - component: {fileID: 6827775364119547696}
  - component: {fileID: 6827775364119547697}
  - component: {fileID: 6827775364119547700}
  - component: {fileID: 8296172668183338267}
  m_Layer: 0
  m_Name: Player
  m_TagString: Player
  m_Icon: {fileID: 0}
  m_NavMeshLayer: 0
  m_StaticEditorFlags: 0
  m_IsActive: 1
--- !u!4 &1998355005933076011
Transform:
  m_ObjectHideFlags: 0
  m_CorrespondingSourceObject: {fileID: 0}
  m_PrefabInstance: {fileID: 0}
  m_PrefabAsset: {fileID: 0}
  m_GameObject: {fileID: 3305867056751397944}
  m_LocalRotation: {x: -0, y: -1, z: 0, w: -0.0000001872535}
  m_LocalPosition: {x: 143.87317, y: 0, z: 104.687}
  m_LocalScale: {x: 1, y: 1, z: 1}
  m_Children:
  - {fileID: 4646160368577104353}
  - {fileID: 8486191467718248225}
  - {fileID: 2035987279049137325}
  m_Father: {fileID: 0}
  m_RootOrder: 0
  m_LocalEulerAnglesHint: {x: 0, y: -180.00002, z: 0}
--- !u!95 &8444696303964197713
Animator:
  serializedVersion: 3
  m_ObjectHideFlags: 0
  m_CorrespondingSourceObject: {fileID: 0}
  m_PrefabInstance: {fileID: 0}
  m_PrefabAsset: {fileID: 0}
  m_GameObject: {fileID: 3305867056751397944}
  m_Enabled: 1
  m_Avatar: {fileID: 9000000, guid: fce99132c2c17ab4993fa46278311eec, type: 3}
  m_Controller: {fileID: 9100000, guid: 62c2e622ad0bf0b47bf3c7f41bd85474, type: 2}
  m_CullingMode: 1
  m_UpdateMode: 0
  m_ApplyRootMotion: 0
  m_LinearVelocityBlending: 0
  m_WarningMessage: 
  m_HasTransformHierarchy: 1
  m_AllowConstantClipSamplingOptimization: 1
  m_KeepAnimatorControllerStateOnDisable: 0
--- !u!54 &6827775364119547702
Rigidbody:
  m_ObjectHideFlags: 0
  m_CorrespondingSourceObject: {fileID: 0}
  m_PrefabInstance: {fileID: 0}
  m_PrefabAsset: {fileID: 0}
  m_GameObject: {fileID: 3305867056751397944}
  serializedVersion: 2
  m_Mass: 1
  m_Drag: 0
  m_AngularDrag: 0.05
  m_UseGravity: 0
  m_IsKinematic: 0
  m_Interpolate: 0
  m_Constraints: 126
  m_CollisionDetection: 0
--- !u!65 &6827775364119547699
BoxCollider:
  m_ObjectHideFlags: 0
  m_CorrespondingSourceObject: {fileID: 0}
  m_PrefabInstance: {fileID: 0}
  m_PrefabAsset: {fileID: 0}
  m_GameObject: {fileID: 3305867056751397944}
  m_Material: {fileID: 0}
  m_IsTrigger: 0
  m_Enabled: 1
  serializedVersion: 2
  m_Size: {x: 1, y: 3.6433864, z: 1}
  m_Center: {x: 0, y: 1.8881328, z: 0}
--- !u!114 &6827775364119547696
MonoBehaviour:
  m_ObjectHideFlags: 0
  m_CorrespondingSourceObject: {fileID: 0}
  m_PrefabInstance: {fileID: 0}
  m_PrefabAsset: {fileID: 0}
  m_GameObject: {fileID: 3305867056751397944}
  m_Enabled: 1
  m_EditorHideFlags: 0
  m_Script: {fileID: 11500000, guid: 598d5c10182fef14aa277017d9c32291, type: 3}
  m_Name: 
  m_EditorClassIdentifier: 
  meshAgent: {fileID: 6827775364119547697}
--- !u!195 &6827775364119547697
NavMeshAgent:
  m_ObjectHideFlags: 0
  m_CorrespondingSourceObject: {fileID: 0}
  m_PrefabInstance: {fileID: 0}
  m_PrefabAsset: {fileID: 0}
  m_GameObject: {fileID: 3305867056751397944}
  m_Enabled: 1
  m_AgentTypeID: 0
  m_Radius: 0.5
  m_Speed: 8
  m_Acceleration: 50
  avoidancePriority: 50
  m_AngularSpeed: 120
  m_StoppingDistance: 1
  m_AutoTraverseOffMeshLink: 1
  m_AutoBraking: 1
  m_AutoRepath: 1
  m_Height: 1
  m_BaseOffset: 0.5
  m_WalkableMask: 4294967295
  m_ObstacleAvoidanceType: 4
--- !u!114 &6827775364119547700
MonoBehaviour:
  m_ObjectHideFlags: 0
  m_CorrespondingSourceObject: {fileID: 0}
  m_PrefabInstance: {fileID: 0}
  m_PrefabAsset: {fileID: 0}
  m_GameObject: {fileID: 3305867056751397944}
  m_Enabled: 1
  m_EditorHideFlags: 0
  m_Script: {fileID: 11500000, guid: 8744fff224942aa4287d449f19195a8a, type: 3}
  m_Name: 
  m_EditorClassIdentifier: 
  animator: {fileID: 8444696303964197713}
  weaponRange: 4
  duringAttack: 0
  checkIfInRange: 0
--- !u!114 &8296172668183338267
MonoBehaviour:
  m_ObjectHideFlags: 0
  m_CorrespondingSourceObject: {fileID: 0}
  m_PrefabInstance: {fileID: 0}
  m_PrefabAsset: {fileID: 0}
  m_GameObject: {fileID: 3305867056751397944}
  m_Enabled: 0
  m_EditorHideFlags: 0
  m_Script: {fileID: 11500000, guid: a6e253a6f6913a54bacc5be8a077f616, type: 3}
  m_Name: 
  m_EditorClassIdentifier: 
  power: 10
  effectSpeed: 5
  originalColors: []
  newColorsToSet: []
--- !u!1 &3367049241093663905
GameObject:
  m_ObjectHideFlags: 0
  m_CorrespondingSourceObject: {fileID: 0}
  m_PrefabInstance: {fileID: 0}
  m_PrefabAsset: {fileID: 0}
  serializedVersion: 6
  m_Component:
  - component: {fileID: 1966268862987391864}
  m_Layer: 0
  m_Name: mixamorig:LeftHandRing3
  m_TagString: Untagged
  m_Icon: {fileID: 0}
  m_NavMeshLayer: 0
  m_StaticEditorFlags: 0
  m_IsActive: 1
--- !u!4 &1966268862987391864
Transform:
  m_ObjectHideFlags: 0
  m_CorrespondingSourceObject: {fileID: 0}
  m_PrefabInstance: {fileID: 0}
  m_PrefabAsset: {fileID: 0}
  m_GameObject: {fileID: 3367049241093663905}
  m_LocalRotation: {x: 0.1365218, y: 0.0034275278, z: 0.071184054, w: 0.9880703}
  m_LocalPosition: {x: -0.0013473675, y: 0.05799371, z: -6.6483036e-10}
  m_LocalScale: {x: 1, y: 1, z: 1}
  m_Children:
  - {fileID: 5408000313375043844}
  m_Father: {fileID: 3728569972178870894}
  m_RootOrder: 0
  m_LocalEulerAnglesHint: {x: 0, y: 0, z: 0}
--- !u!1 &3507437205111356857
GameObject:
  m_ObjectHideFlags: 0
  m_CorrespondingSourceObject: {fileID: 0}
  m_PrefabInstance: {fileID: 0}
  m_PrefabAsset: {fileID: 0}
  serializedVersion: 6
  m_Component:
  - component: {fileID: 1550125111586543193}
  m_Layer: 0
  m_Name: mixamorig:HeadTop_End
  m_TagString: Untagged
  m_Icon: {fileID: 0}
  m_NavMeshLayer: 0
  m_StaticEditorFlags: 0
  m_IsActive: 1
--- !u!4 &1550125111586543193
Transform:
  m_ObjectHideFlags: 0
  m_CorrespondingSourceObject: {fileID: 0}
  m_PrefabInstance: {fileID: 0}
  m_PrefabAsset: {fileID: 0}
  m_GameObject: {fileID: 3507437205111356857}
  m_LocalRotation: {x: 0, y: -0, z: -0, w: 1}
  m_LocalPosition: {x: -0, y: 0.5008267, z: 0.036189497}
  m_LocalScale: {x: 1, y: 1, z: 1}
  m_Children: []
  m_Father: {fileID: 8627960265424214236}
  m_RootOrder: 0
  m_LocalEulerAnglesHint: {x: 0, y: 0, z: 0}
--- !u!1 &3626152781634658760
GameObject:
  m_ObjectHideFlags: 0
  m_CorrespondingSourceObject: {fileID: 0}
  m_PrefabInstance: {fileID: 0}
  m_PrefabAsset: {fileID: 0}
  serializedVersion: 6
  m_Component:
  - component: {fileID: 3154471779911159052}
  m_Layer: 0
  m_Name: mixamorig:LeftHandMiddle2
  m_TagString: Untagged
  m_Icon: {fileID: 0}
  m_NavMeshLayer: 0
  m_StaticEditorFlags: 0
  m_IsActive: 1
--- !u!4 &3154471779911159052
Transform:
  m_ObjectHideFlags: 0
  m_CorrespondingSourceObject: {fileID: 0}
  m_PrefabInstance: {fileID: 0}
  m_PrefabAsset: {fileID: 0}
  m_GameObject: {fileID: 3626152781634658760}
  m_LocalRotation: {x: 0.42830497, y: 0.0070902705, z: -0.021548921, w: 0.90334946}
  m_LocalPosition: {x: -0.0069135497, y: 0.08603598, z: -2.609073e-10}
  m_LocalScale: {x: 1, y: 1, z: 1}
  m_Children:
  - {fileID: 7940912357362081852}
  m_Father: {fileID: 5522241766041410142}
  m_RootOrder: 0
  m_LocalEulerAnglesHint: {x: 0, y: 0, z: 0}
--- !u!1 &4142280307506787186
GameObject:
  m_ObjectHideFlags: 0
  m_CorrespondingSourceObject: {fileID: 0}
  m_PrefabInstance: {fileID: 0}
  m_PrefabAsset: {fileID: 0}
  serializedVersion: 6
  m_Component:
  - component: {fileID: 2450256454652208260}
  m_Layer: 0
  m_Name: mixamorig:RightToeBase
  m_TagString: Untagged
  m_Icon: {fileID: 0}
  m_NavMeshLayer: 0
  m_StaticEditorFlags: 0
  m_IsActive: 1
--- !u!4 &2450256454652208260
Transform:
  m_ObjectHideFlags: 0
  m_CorrespondingSourceObject: {fileID: 0}
  m_PrefabInstance: {fileID: 0}
  m_PrefabAsset: {fileID: 0}
  m_GameObject: {fileID: 4142280307506787186}
  m_LocalRotation: {x: 0.33219376, y: -0.014054367, z: 0.035763517, w: 0.9424282}
  m_LocalPosition: {x: 9.346941e-12, y: 0.43893912, z: -0.000000009867782}
  m_LocalScale: {x: 1, y: 1, z: 1}
  m_Children:
  - {fileID: 4002866029574446289}
  m_Father: {fileID: 8637948393353747757}
  m_RootOrder: 0
  m_LocalEulerAnglesHint: {x: 0, y: 0, z: 0}
--- !u!1 &4547918261222700942
GameObject:
  m_ObjectHideFlags: 0
  m_CorrespondingSourceObject: {fileID: 0}
  m_PrefabInstance: {fileID: 0}
  m_PrefabAsset: {fileID: 0}
  serializedVersion: 6
  m_Component:
  - component: {fileID: 1567429321494385606}
  m_Layer: 0
  m_Name: mixamorig:RightHandThumb3
  m_TagString: Untagged
  m_Icon: {fileID: 0}
  m_NavMeshLayer: 0
  m_StaticEditorFlags: 0
  m_IsActive: 1
--- !u!4 &1567429321494385606
Transform:
  m_ObjectHideFlags: 0
  m_CorrespondingSourceObject: {fileID: 0}
  m_PrefabInstance: {fileID: 0}
  m_PrefabAsset: {fileID: 0}
  m_GameObject: {fileID: 4547918261222700942}
  m_LocalRotation: {x: -0.16919635, y: -0.13403125, z: 0.08785555, w: 0.97246575}
  m_LocalPosition: {x: -0.007685522, y: 0.11372827, z: -8.812017e-10}
  m_LocalScale: {x: 1, y: 1, z: 1}
  m_Children:
  - {fileID: 4321966964135539240}
  m_Father: {fileID: 5787464952421505799}
  m_RootOrder: 0
  m_LocalEulerAnglesHint: {x: 0, y: 0, z: 0}
--- !u!1 &4575953289884172974
GameObject:
  m_ObjectHideFlags: 0
  m_CorrespondingSourceObject: {fileID: 0}
  m_PrefabInstance: {fileID: 0}
  m_PrefabAsset: {fileID: 0}
  serializedVersion: 6
  m_Component:
  - component: {fileID: 5215434329790055507}
  m_Layer: 0
  m_Name: mixamorig:LeftFoot
  m_TagString: Untagged
  m_Icon: {fileID: 0}
  m_NavMeshLayer: 0
  m_StaticEditorFlags: 0
  m_IsActive: 1
--- !u!4 &5215434329790055507
Transform:
  m_ObjectHideFlags: 0
  m_CorrespondingSourceObject: {fileID: 0}
  m_PrefabInstance: {fileID: 0}
  m_PrefabAsset: {fileID: 0}
  m_GameObject: {fileID: 4575953289884172974}
  m_LocalRotation: {x: 0.4379698, y: -0.07169173, z: -0.16414775, w: 0.88096446}
  m_LocalPosition: {x: 6.2680156e-10, y: 1.0342325, z: -0.0000000021579196}
  m_LocalScale: {x: 1, y: 1, z: 1}
  m_Children:
  - {fileID: 5211127397333437288}
  m_Father: {fileID: 512329231889791172}
  m_RootOrder: 0
  m_LocalEulerAnglesHint: {x: 0, y: 0, z: 0}
--- !u!1 &4700558307683607230
GameObject:
  m_ObjectHideFlags: 0
  m_CorrespondingSourceObject: {fileID: 0}
  m_PrefabInstance: {fileID: 0}
  m_PrefabAsset: {fileID: 0}
  serializedVersion: 6
  m_Component:
  - component: {fileID: 637402468491049568}
  m_Layer: 0
  m_Name: mixamorig:LeftHandIndex1
  m_TagString: Untagged
  m_Icon: {fileID: 0}
  m_NavMeshLayer: 0
  m_StaticEditorFlags: 0
  m_IsActive: 1
--- !u!4 &637402468491049568
Transform:
  m_ObjectHideFlags: 0
  m_CorrespondingSourceObject: {fileID: 0}
  m_PrefabInstance: {fileID: 0}
  m_PrefabAsset: {fileID: 0}
  m_GameObject: {fileID: 4700558307683607230}
  m_LocalRotation: {x: 0.3810906, y: 0.0052923798, z: -0.05317721, w: 0.92299193}
  m_LocalPosition: {x: 0.12720463, y: 0.24570698, z: 0.007259306}
  m_LocalScale: {x: 1, y: 1, z: 1}
  m_Children:
  - {fileID: 4920214635591846863}
  m_Father: {fileID: 7640746881153215123}
  m_RootOrder: 0
  m_LocalEulerAnglesHint: {x: 0, y: 0, z: 0}
--- !u!1 &4851174502733780187
GameObject:
  m_ObjectHideFlags: 0
  m_CorrespondingSourceObject: {fileID: 0}
  m_PrefabInstance: {fileID: 0}
  m_PrefabAsset: {fileID: 0}
  serializedVersion: 6
  m_Component:
  - component: {fileID: 4002866029574446289}
  m_Layer: 0
  m_Name: mixamorig:RightToe_End
  m_TagString: Untagged
  m_Icon: {fileID: 0}
  m_NavMeshLayer: 0
  m_StaticEditorFlags: 0
  m_IsActive: 1
--- !u!4 &4002866029574446289
Transform:
  m_ObjectHideFlags: 0
  m_CorrespondingSourceObject: {fileID: 0}
  m_PrefabInstance: {fileID: 0}
  m_PrefabAsset: {fileID: 0}
  m_GameObject: {fileID: 4851174502733780187}
  m_LocalRotation: {x: 0, y: -0, z: -0, w: 1}
  m_LocalPosition: {x: 6.822102e-11, y: 0.19309288, z: -7.817448e-11}
  m_LocalScale: {x: 1, y: 1, z: 1}
  m_Children: []
  m_Father: {fileID: 2450256454652208260}
  m_RootOrder: 0
  m_LocalEulerAnglesHint: {x: 0, y: 0, z: 0}
--- !u!1 &4961943579830323900
GameObject:
  m_ObjectHideFlags: 0
  m_CorrespondingSourceObject: {fileID: 0}
  m_PrefabInstance: {fileID: 0}
  m_PrefabAsset: {fileID: 0}
  serializedVersion: 6
  m_Component:
  - component: {fileID: 4751188816371800875}
  m_Layer: 0
  m_Name: mixamorig:RightShoulder
  m_TagString: Untagged
  m_Icon: {fileID: 0}
  m_NavMeshLayer: 0
  m_StaticEditorFlags: 0
  m_IsActive: 1
--- !u!4 &4751188816371800875
Transform:
  m_ObjectHideFlags: 0
  m_CorrespondingSourceObject: {fileID: 0}
  m_PrefabInstance: {fileID: 0}
  m_PrefabAsset: {fileID: 0}
  m_GameObject: {fileID: 4961943579830323900}
  m_LocalRotation: {x: 0.62322634, y: 0.37410286, z: -0.50841427, w: 0.46168268}
  m_LocalPosition: {x: 0.17362805, y: 0.33484352, z: -0.0018570743}
  m_LocalScale: {x: 1, y: 1, z: 1}
  m_Children:
  - {fileID: 350998612918670156}
  m_Father: {fileID: 510778735298354012}
  m_RootOrder: 2
  m_LocalEulerAnglesHint: {x: 0, y: 0, z: 0}
--- !u!1 &5124302854361714650
GameObject:
  m_ObjectHideFlags: 0
  m_CorrespondingSourceObject: {fileID: 0}
  m_PrefabInstance: {fileID: 0}
  m_PrefabAsset: {fileID: 0}
  serializedVersion: 6
  m_Component:
  - component: {fileID: 5728898726038764951}
  m_Layer: 0
  m_Name: mixamorig:LeftHandRing1
  m_TagString: Untagged
  m_Icon: {fileID: 0}
  m_NavMeshLayer: 0
  m_StaticEditorFlags: 0
  m_IsActive: 1
--- !u!4 &5728898726038764951
Transform:
  m_ObjectHideFlags: 0
  m_CorrespondingSourceObject: {fileID: 0}
  m_PrefabInstance: {fileID: 0}
  m_PrefabAsset: {fileID: 0}
  m_GameObject: {fileID: 5124302854361714650}
  m_LocalRotation: {x: 0.5651116, y: 0.020231698, z: -0.031893145, w: 0.8241495}
  m_LocalPosition: {x: -0.012956407, y: 0.2729794, z: -0.08282189}
  m_LocalScale: {x: 1, y: 1, z: 1}
  m_Children:
  - {fileID: 3728569972178870894}
  m_Father: {fileID: 7640746881153215123}
  m_RootOrder: 3
  m_LocalEulerAnglesHint: {x: 0, y: 0, z: 0}
--- !u!1 &5349872189936477692
GameObject:
  m_ObjectHideFlags: 0
  m_CorrespondingSourceObject: {fileID: 0}
  m_PrefabInstance: {fileID: 0}
  m_PrefabAsset: {fileID: 0}
  serializedVersion: 6
  m_Component:
  - component: {fileID: 1600419284327124354}
  m_Layer: 0
  m_Name: mixamorig:LeftHandPinky2
  m_TagString: Untagged
  m_Icon: {fileID: 0}
  m_NavMeshLayer: 0
  m_StaticEditorFlags: 0
  m_IsActive: 1
--- !u!4 &1600419284327124354
Transform:
  m_ObjectHideFlags: 0
  m_CorrespondingSourceObject: {fileID: 0}
  m_PrefabInstance: {fileID: 0}
  m_PrefabAsset: {fileID: 0}
  m_GameObject: {fileID: 5349872189936477692}
  m_LocalRotation: {x: 0.59701616, y: 0.0028650404, z: 0.075954124, w: 0.7986204}
  m_LocalPosition: {x: -0.005586819, y: 0.07006329, z: -6.83748e-10}
  m_LocalScale: {x: 1, y: 1, z: 1}
  m_Children:
  - {fileID: 1445248884488977552}
  m_Father: {fileID: 217284445642502111}
  m_RootOrder: 0
  m_LocalEulerAnglesHint: {x: 0, y: 0, z: 0}
--- !u!1 &5590354027171975224
GameObject:
  m_ObjectHideFlags: 0
  m_CorrespondingSourceObject: {fileID: 0}
  m_PrefabInstance: {fileID: 0}
  m_PrefabAsset: {fileID: 0}
  serializedVersion: 6
  m_Component:
  - component: {fileID: 1827230393268979581}
  m_Layer: 0
  m_Name: mixamorig:LeftHandThumb4
  m_TagString: Untagged
  m_Icon: {fileID: 0}
  m_NavMeshLayer: 0
  m_StaticEditorFlags: 0
  m_IsActive: 1
--- !u!4 &1827230393268979581
Transform:
  m_ObjectHideFlags: 0
  m_CorrespondingSourceObject: {fileID: 0}
  m_PrefabInstance: {fileID: 0}
  m_PrefabAsset: {fileID: 0}
  m_GameObject: {fileID: 5590354027171975224}
  m_LocalRotation: {x: 0, y: -0, z: -0, w: 1}
  m_LocalPosition: {x: -0.014946253, y: 0.093359455, z: 0.0000000012181172}
  m_LocalScale: {x: 1, y: 1, z: 1}
  m_Children: []
  m_Father: {fileID: 3810927641363118199}
  m_RootOrder: 0
  m_LocalEulerAnglesHint: {x: 0, y: 0, z: 0}
--- !u!1 &5693203919967623417
GameObject:
  m_ObjectHideFlags: 0
  m_CorrespondingSourceObject: {fileID: 0}
  m_PrefabInstance: {fileID: 0}
  m_PrefabAsset: {fileID: 0}
  serializedVersion: 6
  m_Component:
  - component: {fileID: 2035987279049137325}
  m_Layer: 0
  m_Name: mixamorig:Hips
  m_TagString: Untagged
  m_Icon: {fileID: 0}
  m_NavMeshLayer: 0
  m_StaticEditorFlags: 0
  m_IsActive: 1
--- !u!4 &2035987279049137325
Transform:
  m_ObjectHideFlags: 0
  m_CorrespondingSourceObject: {fileID: 0}
  m_PrefabInstance: {fileID: 0}
  m_PrefabAsset: {fileID: 0}
  m_GameObject: {fileID: 5693203919967623417}
  m_LocalRotation: {x: 0.16905878, y: 0.096720494, z: -0.041322116, w: 0.97997797}
  m_LocalPosition: {x: -0.009919509, y: 2.2630804, z: -0.056549314}
  m_LocalScale: {x: 1, y: 1, z: 1}
  m_Children:
  - {fileID: 7026139883529748548}
  - {fileID: 3653423483104818636}
  - {fileID: 2047368133702932747}
  m_Father: {fileID: 1998355005933076011}
  m_RootOrder: 2
  m_LocalEulerAnglesHint: {x: 0, y: 0, z: 0}
--- !u!1 &6181950783824450120
GameObject:
  m_ObjectHideFlags: 0
  m_CorrespondingSourceObject: {fileID: 0}
  m_PrefabInstance: {fileID: 0}
  m_PrefabAsset: {fileID: 0}
  serializedVersion: 6
  m_Component:
  - component: {fileID: 1337141021702558960}
  m_Layer: 0
  m_Name: mixamorig:RightHandMiddle2
  m_TagString: Untagged
  m_Icon: {fileID: 0}
  m_NavMeshLayer: 0
  m_StaticEditorFlags: 0
  m_IsActive: 1
--- !u!4 &1337141021702558960
Transform:
  m_ObjectHideFlags: 0
  m_CorrespondingSourceObject: {fileID: 0}
  m_PrefabInstance: {fileID: 0}
  m_PrefabAsset: {fileID: 0}
  m_GameObject: {fileID: 6181950783824450120}
  m_LocalRotation: {x: 0.6724387, y: 0.018746946, z: 0.0063138576, w: 0.7398885}
  m_LocalPosition: {x: 0.0025040032, y: 0.06144877, z: -0.00000000360128}
  m_LocalScale: {x: 1, y: 1, z: 1}
  m_Children:
  - {fileID: 6903208439525113460}
  m_Father: {fileID: 6627036667251372698}
  m_RootOrder: 0
  m_LocalEulerAnglesHint: {x: 0, y: 0, z: 0}
--- !u!1 &6212894725647740927
GameObject:
  m_ObjectHideFlags: 0
  m_CorrespondingSourceObject: {fileID: 0}
  m_PrefabInstance: {fileID: 0}
  m_PrefabAsset: {fileID: 0}
  serializedVersion: 6
  m_Component:
  - component: {fileID: 7550991444208413760}
  m_Layer: 0
  m_Name: mixamorig:LeftHandPinky4
  m_TagString: Untagged
  m_Icon: {fileID: 0}
  m_NavMeshLayer: 0
  m_StaticEditorFlags: 0
  m_IsActive: 1
--- !u!4 &7550991444208413760
Transform:
  m_ObjectHideFlags: 0
  m_CorrespondingSourceObject: {fileID: 0}
  m_PrefabInstance: {fileID: 0}
  m_PrefabAsset: {fileID: 0}
  m_GameObject: {fileID: 6212894725647740927}
  m_LocalRotation: {x: 0, y: -0, z: -0, w: 1}
  m_LocalPosition: {x: 0.002008197, y: 0.044760544, z: 1.4984067e-10}
  m_LocalScale: {x: 1, y: 1, z: 1}
  m_Children: []
  m_Father: {fileID: 1445248884488977552}
  m_RootOrder: 0
  m_LocalEulerAnglesHint: {x: 0, y: 0, z: 0}
--- !u!1 &6319471395600902045
GameObject:
  m_ObjectHideFlags: 0
  m_CorrespondingSourceObject: {fileID: 0}
  m_PrefabInstance: {fileID: 0}
  m_PrefabAsset: {fileID: 0}
  serializedVersion: 6
  m_Component:
  - component: {fileID: 976720355389176136}
  m_Layer: 0
  m_Name: mixamorig:RightHand
  m_TagString: Untagged
  m_Icon: {fileID: 0}
  m_NavMeshLayer: 0
  m_StaticEditorFlags: 0
  m_IsActive: 1
--- !u!4 &976720355389176136
Transform:
  m_ObjectHideFlags: 0
  m_CorrespondingSourceObject: {fileID: 0}
  m_PrefabInstance: {fileID: 0}
  m_PrefabAsset: {fileID: 0}
  m_GameObject: {fileID: 6319471395600902045}
  m_LocalRotation: {x: 0.14540067, y: 0.006689459, z: 0.11441017, w: 0.9827127}
  m_LocalPosition: {x: -3.558114e-11, y: 0.70809484, z: -6.33473e-10}
  m_LocalScale: {x: 1, y: 1, z: 1}
  m_Children:
  - {fileID: 6698028862538562036}
  - {fileID: 6627036667251372698}
  - {fileID: 8512415885187418631}
  - {fileID: 2832393682593430133}
  - {fileID: 8075271769342990987}
  - {fileID: 1998355006032493980}
  m_Father: {fileID: 4069138634991062740}
  m_RootOrder: 0
  m_LocalEulerAnglesHint: {x: 0, y: 0, z: 0}
--- !u!1 &6366811030991069824
GameObject:
  m_ObjectHideFlags: 0
  m_CorrespondingSourceObject: {fileID: 0}
  m_PrefabInstance: {fileID: 0}
  m_PrefabAsset: {fileID: 0}
  serializedVersion: 6
  m_Component:
  - component: {fileID: 5787464952421505799}
  m_Layer: 0
  m_Name: mixamorig:RightHandThumb2
  m_TagString: Untagged
  m_Icon: {fileID: 0}
  m_NavMeshLayer: 0
  m_StaticEditorFlags: 0
  m_IsActive: 1
--- !u!4 &5787464952421505799
Transform:
  m_ObjectHideFlags: 0
  m_CorrespondingSourceObject: {fileID: 0}
  m_PrefabInstance: {fileID: 0}
  m_PrefabAsset: {fileID: 0}
  m_GameObject: {fileID: 6366811030991069824}
  m_LocalRotation: {x: -0.11565152, y: 0.14315742, z: 0.10383249, w: 0.97741985}
  m_LocalPosition: {x: -0.025851347, y: 0.11436171, z: 0.0000000030405354}
  m_LocalScale: {x: 1, y: 1, z: 1}
  m_Children:
  - {fileID: 1567429321494385606}
  m_Father: {fileID: 8075271769342990987}
  m_RootOrder: 0
  m_LocalEulerAnglesHint: {x: 0, y: 0, z: 0}
--- !u!1 &6493535746102807211
GameObject:
  m_ObjectHideFlags: 0
  m_CorrespondingSourceObject: {fileID: 0}
  m_PrefabInstance: {fileID: 0}
  m_PrefabAsset: {fileID: 0}
  serializedVersion: 6
  m_Component:
  - component: {fileID: 2224189347129671236}
  m_Layer: 0
  m_Name: mixamorig:RightHandRing4
  m_TagString: Untagged
  m_Icon: {fileID: 0}
  m_NavMeshLayer: 0
  m_StaticEditorFlags: 0
  m_IsActive: 1
--- !u!4 &2224189347129671236
Transform:
  m_ObjectHideFlags: 0
  m_CorrespondingSourceObject: {fileID: 0}
  m_PrefabInstance: {fileID: 0}
  m_PrefabAsset: {fileID: 0}
  m_GameObject: {fileID: 6493535746102807211}
  m_LocalRotation: {x: 0, y: -0, z: -0, w: 1}
  m_LocalPosition: {x: -0.000515833, y: 0.06366266, z: -4.6781423e-10}
  m_LocalScale: {x: 1, y: 1, z: 1}
  m_Children: []
  m_Father: {fileID: 6977311220394076092}
  m_RootOrder: 0
  m_LocalEulerAnglesHint: {x: 0, y: 0, z: 0}
--- !u!1 &6699875155383603222
GameObject:
  m_ObjectHideFlags: 0
  m_CorrespondingSourceObject: {fileID: 0}
  m_PrefabInstance: {fileID: 0}
  m_PrefabAsset: {fileID: 0}
  serializedVersion: 6
  m_Component:
  - component: {fileID: 2859753778487601180}
  m_Layer: 0
  m_Name: mixamorig:LeftToe_End
  m_TagString: Untagged
  m_Icon: {fileID: 0}
  m_NavMeshLayer: 0
  m_StaticEditorFlags: 0
  m_IsActive: 1
--- !u!4 &2859753778487601180
Transform:
  m_ObjectHideFlags: 0
  m_CorrespondingSourceObject: {fileID: 0}
  m_PrefabInstance: {fileID: 0}
  m_PrefabAsset: {fileID: 0}
  m_GameObject: {fileID: 6699875155383603222}
  m_LocalRotation: {x: 0, y: -0, z: -0, w: 1}
  m_LocalPosition: {x: -2.0373907e-10, y: 0.19541287, z: 1.2048815e-10}
  m_LocalScale: {x: 1, y: 1, z: 1}
  m_Children: []
  m_Father: {fileID: 5211127397333437288}
  m_RootOrder: 0
  m_LocalEulerAnglesHint: {x: 0, y: 0, z: 0}
--- !u!1 &6832696829745200027
GameObject:
  m_ObjectHideFlags: 0
  m_CorrespondingSourceObject: {fileID: 0}
  m_PrefabInstance: {fileID: 0}
  m_PrefabAsset: {fileID: 0}
  serializedVersion: 6
  m_Component:
  - component: {fileID: 7640746881153215123}
  m_Layer: 0
  m_Name: mixamorig:LeftHand
  m_TagString: Untagged
  m_Icon: {fileID: 0}
  m_NavMeshLayer: 0
  m_StaticEditorFlags: 0
  m_IsActive: 1
--- !u!4 &7640746881153215123
Transform:
  m_ObjectHideFlags: 0
  m_CorrespondingSourceObject: {fileID: 0}
  m_PrefabInstance: {fileID: 0}
  m_PrefabAsset: {fileID: 0}
  m_GameObject: {fileID: 6832696829745200027}
  m_LocalRotation: {x: 0.0027036099, y: 0.0004320192, z: -0.2188392, w: 0.9757571}
  m_LocalPosition: {x: 5.937582e-10, y: 0.7062182, z: 7.92584e-10}
  m_LocalScale: {x: 1, y: 1, z: 1}
  m_Children:
  - {fileID: 637402468491049568}
  - {fileID: 5522241766041410142}
  - {fileID: 217284445642502111}
  - {fileID: 5728898726038764951}
  - {fileID: 5666924769428645612}
  m_Father: {fileID: 3468987996232343883}
  m_RootOrder: 0
  m_LocalEulerAnglesHint: {x: 0, y: 0, z: 0}
--- !u!1 &6913065224653265228
GameObject:
  m_ObjectHideFlags: 0
  m_CorrespondingSourceObject: {fileID: 0}
  m_PrefabInstance: {fileID: 0}
  m_PrefabAsset: {fileID: 0}
  serializedVersion: 6
  m_Component:
  - component: {fileID: 3377365358825038481}
  m_Layer: 0
  m_Name: mixamorig:RightHandMiddle4
  m_TagString: Untagged
  m_Icon: {fileID: 0}
  m_NavMeshLayer: 0
  m_StaticEditorFlags: 0
  m_IsActive: 1
--- !u!4 &3377365358825038481
Transform:
  m_ObjectHideFlags: 0
  m_CorrespondingSourceObject: {fileID: 0}
  m_PrefabInstance: {fileID: 0}
  m_PrefabAsset: {fileID: 0}
  m_GameObject: {fileID: 6913065224653265228}
  m_LocalRotation: {x: 0, y: -0, z: -0, w: 1}
  m_LocalPosition: {x: -0.0019898717, y: 0.053080797, z: 2.7112265e-10}
  m_LocalScale: {x: 1, y: 1, z: 1}
  m_Children: []
  m_Father: {fileID: 6903208439525113460}
  m_RootOrder: 0
  m_LocalEulerAnglesHint: {x: 0, y: 0, z: 0}
--- !u!1 &7054810976322612254
GameObject:
  m_ObjectHideFlags: 0
  m_CorrespondingSourceObject: {fileID: 0}
  m_PrefabInstance: {fileID: 0}
  m_PrefabAsset: {fileID: 0}
  serializedVersion: 6
  m_Component:
  - component: {fileID: 2651258059566075040}
  m_Layer: 0
  m_Name: mixamorig:RightHandPinky4
  m_TagString: Untagged
  m_Icon: {fileID: 0}
  m_NavMeshLayer: 0
  m_StaticEditorFlags: 0
  m_IsActive: 1
--- !u!4 &2651258059566075040
Transform:
  m_ObjectHideFlags: 0
  m_CorrespondingSourceObject: {fileID: 0}
  m_PrefabInstance: {fileID: 0}
  m_PrefabAsset: {fileID: 0}
  m_GameObject: {fileID: 7054810976322612254}
  m_LocalRotation: {x: 0, y: -0, z: -0, w: 1}
  m_LocalPosition: {x: -0.0030694401, y: 0.05379124, z: 3.9814835e-11}
  m_LocalScale: {x: 1, y: 1, z: 1}
  m_Children: []
  m_Father: {fileID: 2044905889459301290}
  m_RootOrder: 0
  m_LocalEulerAnglesHint: {x: 0, y: 0, z: 0}
--- !u!1 &7106184023434766676
GameObject:
  m_ObjectHideFlags: 0
  m_CorrespondingSourceObject: {fileID: 0}
  m_PrefabInstance: {fileID: 0}
  m_PrefabAsset: {fileID: 0}
  serializedVersion: 6
  m_Component:
  - component: {fileID: 6627036667251372698}
  m_Layer: 0
  m_Name: mixamorig:RightHandMiddle1
  m_TagString: Untagged
  m_Icon: {fileID: 0}
  m_NavMeshLayer: 0
  m_StaticEditorFlags: 0
  m_IsActive: 1
--- !u!4 &6627036667251372698
Transform:
  m_ObjectHideFlags: 0
  m_CorrespondingSourceObject: {fileID: 0}
  m_PrefabInstance: {fileID: 0}
  m_PrefabAsset: {fileID: 0}
  m_GameObject: {fileID: 7106184023434766676}
  m_LocalRotation: {x: 0.5144925, y: -0.010233061, z: 0.024374252, w: 0.8570874}
  m_LocalPosition: {x: -0.007545934, y: 0.29581374, z: -0.03285882}
  m_LocalScale: {x: 1, y: 1, z: 1}
  m_Children:
  - {fileID: 1337141021702558960}
  m_Father: {fileID: 976720355389176136}
  m_RootOrder: 1
  m_LocalEulerAnglesHint: {x: 0, y: 0, z: 0}
--- !u!1 &7138947968902620802
GameObject:
  m_ObjectHideFlags: 0
  m_CorrespondingSourceObject: {fileID: 0}
  m_PrefabInstance: {fileID: 0}
  m_PrefabAsset: {fileID: 0}
  serializedVersion: 6
  m_Component:
  - component: {fileID: 6698028862538562036}
  m_Layer: 0
  m_Name: mixamorig:RightHandIndex1
  m_TagString: Untagged
  m_Icon: {fileID: 0}
  m_NavMeshLayer: 0
  m_StaticEditorFlags: 0
  m_IsActive: 1
--- !u!4 &6698028862538562036
Transform:
  m_ObjectHideFlags: 0
  m_CorrespondingSourceObject: {fileID: 0}
  m_PrefabInstance: {fileID: 0}
  m_PrefabAsset: {fileID: 0}
  m_GameObject: {fileID: 7138947968902620802}
  m_LocalRotation: {x: 0.46186903, y: -0.009881884, z: -0.021957183, w: 0.88662124}
  m_LocalPosition: {x: -0.16063617, y: 0.25404423, z: 0.017906552}
  m_LocalScale: {x: 1, y: 1, z: 1}
  m_Children:
  - {fileID: 6393415104936218774}
  m_Father: {fileID: 976720355389176136}
  m_RootOrder: 0
  m_LocalEulerAnglesHint: {x: 0, y: 0, z: 0}
--- !u!1 &7157320059227479116
GameObject:
  m_ObjectHideFlags: 0
  m_CorrespondingSourceObject: {fileID: 0}
  m_PrefabInstance: {fileID: 0}
  m_PrefabAsset: {fileID: 0}
  serializedVersion: 6
  m_Component:
  - component: {fileID: 8627960265424214236}
  m_Layer: 0
  m_Name: mixamorig:Head
  m_TagString: Untagged
  m_Icon: {fileID: 0}
  m_NavMeshLayer: 0
  m_StaticEditorFlags: 0
  m_IsActive: 1
--- !u!4 &8627960265424214236
Transform:
  m_ObjectHideFlags: 0
  m_CorrespondingSourceObject: {fileID: 0}
  m_PrefabInstance: {fileID: 0}
  m_PrefabAsset: {fileID: 0}
  m_GameObject: {fileID: 7157320059227479116}
  m_LocalRotation: {x: -0.2255106, y: 0.038426246, z: 0.040467348, w: 0.97264117}
  m_LocalPosition: {x: -0, y: 0.045493163, z: 0.0032872772}
  m_LocalScale: {x: 1, y: 1, z: 1}
  m_Children:
  - {fileID: 1550125111586543193}
  m_Father: {fileID: 777895094072307644}
  m_RootOrder: 0
  m_LocalEulerAnglesHint: {x: 0, y: 0, z: 0}
--- !u!1 &7339725236257113369
GameObject:
  m_ObjectHideFlags: 0
  m_CorrespondingSourceObject: {fileID: 0}
  m_PrefabInstance: {fileID: 0}
  m_PrefabAsset: {fileID: 0}
  serializedVersion: 6
  m_Component:
  - component: {fileID: 512329231889791172}
  m_Layer: 0
  m_Name: mixamorig:LeftLeg
  m_TagString: Untagged
  m_Icon: {fileID: 0}
  m_NavMeshLayer: 0
  m_StaticEditorFlags: 0
  m_IsActive: 1
--- !u!4 &512329231889791172
Transform:
  m_ObjectHideFlags: 0
  m_CorrespondingSourceObject: {fileID: 0}
  m_PrefabInstance: {fileID: 0}
  m_PrefabAsset: {fileID: 0}
  m_GameObject: {fileID: 7339725236257113369}
  m_LocalRotation: {x: -0.8491651, y: -0.0040822914, z: 0.0032204455, w: 0.5281019}
  m_LocalPosition: {x: 6.856203e-10, y: 1.1026134, z: -4.8786572e-11}
  m_LocalScale: {x: 1, y: 1, z: 1}
  m_Children:
  - {fileID: 5215434329790055507}
  m_Father: {fileID: 7026139883529748548}
  m_RootOrder: 0
  m_LocalEulerAnglesHint: {x: 0, y: 0, z: 0}
--- !u!1 &7373532185050397257
GameObject:
  m_ObjectHideFlags: 0
  m_CorrespondingSourceObject: {fileID: 0}
  m_PrefabInstance: {fileID: 0}
  m_PrefabAsset: {fileID: 0}
  serializedVersion: 6
  m_Component:
  - component: {fileID: 6393415104936218774}
  m_Layer: 0
  m_Name: mixamorig:RightHandIndex2
  m_TagString: Untagged
  m_Icon: {fileID: 0}
  m_NavMeshLayer: 0
  m_StaticEditorFlags: 0
  m_IsActive: 1
--- !u!4 &6393415104936218774
Transform:
  m_ObjectHideFlags: 0
  m_CorrespondingSourceObject: {fileID: 0}
  m_PrefabInstance: {fileID: 0}
  m_PrefabAsset: {fileID: 0}
  m_GameObject: {fileID: 7373532185050397257}
  m_LocalRotation: {x: 0.5492134, y: 0.022223966, z: 0.019825472, w: 0.8351513}
  m_LocalPosition: {x: -0.00011247064, y: 0.058940403, z: -7.607457e-10}
  m_LocalScale: {x: 1, y: 1, z: 1}
  m_Children:
  - {fileID: 3907996475955755826}
  m_Father: {fileID: 6698028862538562036}
  m_RootOrder: 0
  m_LocalEulerAnglesHint: {x: 0, y: 0, z: 0}
--- !u!1 &7421497814989926427
GameObject:
  m_ObjectHideFlags: 0
  m_CorrespondingSourceObject: {fileID: 0}
  m_PrefabInstance: {fileID: 0}
  m_PrefabAsset: {fileID: 0}
  serializedVersion: 6
  m_Component:
  - component: {fileID: 217284445642502111}
  m_Layer: 0
  m_Name: mixamorig:LeftHandPinky1
  m_TagString: Untagged
  m_Icon: {fileID: 0}
  m_NavMeshLayer: 0
  m_StaticEditorFlags: 0
  m_IsActive: 1
--- !u!4 &217284445642502111
Transform:
  m_ObjectHideFlags: 0
  m_CorrespondingSourceObject: {fileID: 0}
  m_PrefabInstance: {fileID: 0}
  m_PrefabAsset: {fileID: 0}
  m_GameObject: {fileID: 7421497814989926427}
  m_LocalRotation: {x: 0.4915642, y: 0.058097266, z: -0.09843217, w: 0.86330783}
  m_LocalPosition: {x: -0.118920445, y: 0.31537598, z: 0.016137749}
  m_LocalScale: {x: 1, y: 1, z: 1}
  m_Children:
  - {fileID: 1600419284327124354}
  m_Father: {fileID: 7640746881153215123}
  m_RootOrder: 2
  m_LocalEulerAnglesHint: {x: 0, y: 0, z: 0}
--- !u!1 &7681991404019002501
GameObject:
  m_ObjectHideFlags: 0
  m_CorrespondingSourceObject: {fileID: 0}
  m_PrefabInstance: {fileID: 0}
  m_PrefabAsset: {fileID: 0}
  serializedVersion: 6
  m_Component:
  - component: {fileID: 350998612918670156}
  m_Layer: 0
  m_Name: mixamorig:RightArm
  m_TagString: Untagged
  m_Icon: {fileID: 0}
  m_NavMeshLayer: 0
  m_StaticEditorFlags: 0
  m_IsActive: 1
--- !u!4 &350998612918670156
Transform:
  m_ObjectHideFlags: 0
  m_CorrespondingSourceObject: {fileID: 0}
  m_PrefabInstance: {fileID: 0}
  m_PrefabAsset: {fileID: 0}
  m_GameObject: {fileID: 7681991404019002501}
  m_LocalRotation: {x: 0.30769107, y: -0.1830233, z: 0.16890591, w: 0.9183134}
  m_LocalPosition: {x: 1.4678563e-10, y: 0.36065716, z: 0.0000000048187405}
  m_LocalScale: {x: 1, y: 1, z: 1}
  m_Children:
  - {fileID: 4069138634991062740}
  m_Father: {fileID: 4751188816371800875}
  m_RootOrder: 0
  m_LocalEulerAnglesHint: {x: 0, y: 0, z: 0}
--- !u!1 &7691241252470862272
GameObject:
  m_ObjectHideFlags: 0
  m_CorrespondingSourceObject: {fileID: 0}
  m_PrefabInstance: {fileID: 0}
  m_PrefabAsset: {fileID: 0}
  serializedVersion: 6
  m_Component:
  - component: {fileID: 2903401377639063929}
  m_Layer: 0
  m_Name: mixamorig:Spine1
  m_TagString: Untagged
  m_Icon: {fileID: 0}
  m_NavMeshLayer: 0
  m_StaticEditorFlags: 0
  m_IsActive: 1
--- !u!4 &2903401377639063929
Transform:
  m_ObjectHideFlags: 0
  m_CorrespondingSourceObject: {fileID: 0}
  m_PrefabInstance: {fileID: 0}
  m_PrefabAsset: {fileID: 0}
  m_GameObject: {fileID: 7691241252470862272}
  m_LocalRotation: {x: 0.018185293, y: -0.016202262, z: 0.004885312, w: 0.9996914}
  m_LocalPosition: {x: -0, y: 0.30967814, z: -4.1516912e-10}
  m_LocalScale: {x: 1, y: 1, z: 1}
  m_Children:
  - {fileID: 510778735298354012}
  m_Father: {fileID: 2047368133702932747}
  m_RootOrder: 0
  m_LocalEulerAnglesHint: {x: 0, y: 0, z: 0}
--- !u!1 &7808370962674120094
GameObject:
  m_ObjectHideFlags: 0
  m_CorrespondingSourceObject: {fileID: 0}
  m_PrefabInstance: {fileID: 0}
  m_PrefabAsset: {fileID: 0}
  serializedVersion: 6
  m_Component:
  - component: {fileID: 1445248884488977552}
  m_Layer: 0
  m_Name: mixamorig:LeftHandPinky3
  m_TagString: Untagged
  m_Icon: {fileID: 0}
  m_NavMeshLayer: 0
  m_StaticEditorFlags: 0
  m_IsActive: 1
--- !u!4 &1445248884488977552
Transform:
  m_ObjectHideFlags: 0
  m_CorrespondingSourceObject: {fileID: 0}
  m_PrefabInstance: {fileID: 0}
  m_PrefabAsset: {fileID: 0}
  m_GameObject: {fileID: 7808370962674120094}
  m_LocalRotation: {x: 0.25400615, y: -0.009301196, z: -0.003319643, w: 0.96715224}
  m_LocalPosition: {x: 0.0035786196, y: 0.05187352, z: 3.2500663e-10}
  m_LocalScale: {x: 1, y: 1, z: 1}
  m_Children:
  - {fileID: 7550991444208413760}
  m_Father: {fileID: 1600419284327124354}
  m_RootOrder: 0
  m_LocalEulerAnglesHint: {x: 0, y: 0, z: 0}
--- !u!1 &8240709759514357618
GameObject:
  m_ObjectHideFlags: 0
  m_CorrespondingSourceObject: {fileID: 0}
  m_PrefabInstance: {fileID: 0}
  m_PrefabAsset: {fileID: 0}
  serializedVersion: 6
  m_Component:
  - component: {fileID: 4920214635591846863}
  m_Layer: 0
  m_Name: mixamorig:LeftHandIndex2
  m_TagString: Untagged
  m_Icon: {fileID: 0}
  m_NavMeshLayer: 0
  m_StaticEditorFlags: 0
  m_IsActive: 1
--- !u!4 &4920214635591846863
Transform:
  m_ObjectHideFlags: 0
  m_CorrespondingSourceObject: {fileID: 0}
  m_PrefabInstance: {fileID: 0}
  m_PrefabAsset: {fileID: 0}
  m_GameObject: {fileID: 8240709759514357618}
  m_LocalRotation: {x: 0.35849872, y: -0.023038868, z: -0.055498, w: 0.9315943}
  m_LocalPosition: {x: 0.002576027, y: 0.059601776, z: -0.0000000010466129}
  m_LocalScale: {x: 1, y: 1, z: 1}
  m_Children:
  - {fileID: 396394859989870112}
  m_Father: {fileID: 637402468491049568}
  m_RootOrder: 0
  m_LocalEulerAnglesHint: {x: 0, y: 0, z: 0}
--- !u!1 &8279648390086943917
GameObject:
  m_ObjectHideFlags: 0
  m_CorrespondingSourceObject: {fileID: 0}
  m_PrefabInstance: {fileID: 0}
  m_PrefabAsset: {fileID: 0}
  serializedVersion: 6
  m_Component:
  - component: {fileID: 3728569972178870894}
  m_Layer: 0
  m_Name: mixamorig:LeftHandRing2
  m_TagString: Untagged
  m_Icon: {fileID: 0}
  m_NavMeshLayer: 0
  m_StaticEditorFlags: 0
  m_IsActive: 1
--- !u!4 &3728569972178870894
Transform:
  m_ObjectHideFlags: 0
  m_CorrespondingSourceObject: {fileID: 0}
  m_PrefabInstance: {fileID: 0}
  m_PrefabAsset: {fileID: 0}
  m_GameObject: {fileID: 8279648390086943917}
  m_LocalRotation: {x: 0.37835547, y: 0.018832615, z: 0.0073129167, w: 0.9254399}
  m_LocalPosition: {x: -0.0035283708, y: 0.059308365, z: 0.0000000023054403}
  m_LocalScale: {x: 1, y: 1, z: 1}
  m_Children:
  - {fileID: 1966268862987391864}
  m_Father: {fileID: 5728898726038764951}
  m_RootOrder: 0
  m_LocalEulerAnglesHint: {x: 0, y: 0, z: 0}
--- !u!1 &8434605558646922768
GameObject:
  m_ObjectHideFlags: 0
  m_CorrespondingSourceObject: {fileID: 0}
  m_PrefabInstance: {fileID: 0}
  m_PrefabAsset: {fileID: 0}
  serializedVersion: 6
  m_Component:
  - component: {fileID: 4952684480839944575}
  m_Layer: 0
  m_Name: mixamorig:LeftHandMiddle4
  m_TagString: Untagged
  m_Icon: {fileID: 0}
  m_NavMeshLayer: 0
  m_StaticEditorFlags: 0
  m_IsActive: 1
--- !u!4 &4952684480839944575
Transform:
  m_ObjectHideFlags: 0
  m_CorrespondingSourceObject: {fileID: 0}
  m_PrefabInstance: {fileID: 0}
  m_PrefabAsset: {fileID: 0}
  m_GameObject: {fileID: 8434605558646922768}
  m_LocalRotation: {x: 0, y: -0, z: -0, w: 1}
  m_LocalPosition: {x: 0.009645507, y: 0.06606298, z: 8.5156926e-10}
  m_LocalScale: {x: 1, y: 1, z: 1}
  m_Children: []
  m_Father: {fileID: 7940912357362081852}
  m_RootOrder: 0
  m_LocalEulerAnglesHint: {x: 0, y: 0, z: 0}
--- !u!1 &8482835730959043034
GameObject:
  m_ObjectHideFlags: 0
  m_CorrespondingSourceObject: {fileID: 0}
  m_PrefabInstance: {fileID: 0}
  m_PrefabAsset: {fileID: 0}
  serializedVersion: 6
  m_Component:
  - component: {fileID: 4321966964135539240}
  m_Layer: 0
  m_Name: mixamorig:RightHandThumb4
  m_TagString: Untagged
  m_Icon: {fileID: 0}
  m_NavMeshLayer: 0
  m_StaticEditorFlags: 0
  m_IsActive: 1
--- !u!4 &4321966964135539240
Transform:
  m_ObjectHideFlags: 0
  m_CorrespondingSourceObject: {fileID: 0}
  m_PrefabInstance: {fileID: 0}
  m_PrefabAsset: {fileID: 0}
  m_GameObject: {fileID: 8482835730959043034}
  m_LocalRotation: {x: 0, y: -0, z: -0, w: 1}
  m_LocalPosition: {x: 0.033536866, y: 0.09499299, z: -2.8774707e-11}
  m_LocalScale: {x: 1, y: 1, z: 1}
  m_Children: []
  m_Father: {fileID: 1567429321494385606}
  m_RootOrder: 0
  m_LocalEulerAnglesHint: {x: 0, y: 0, z: 0}
--- !u!1 &8527013550893836920
GameObject:
  m_ObjectHideFlags: 0
  m_CorrespondingSourceObject: {fileID: 0}
  m_PrefabInstance: {fileID: 0}
  m_PrefabAsset: {fileID: 0}
  serializedVersion: 6
  m_Component:
  - component: {fileID: 5522241766041410142}
  m_Layer: 0
  m_Name: mixamorig:LeftHandMiddle1
  m_TagString: Untagged
  m_Icon: {fileID: 0}
  m_NavMeshLayer: 0
  m_StaticEditorFlags: 0
  m_IsActive: 1
--- !u!4 &5522241766041410142
Transform:
  m_ObjectHideFlags: 0
  m_CorrespondingSourceObject: {fileID: 0}
  m_PrefabInstance: {fileID: 0}
  m_PrefabAsset: {fileID: 0}
  m_GameObject: {fileID: 8527013550893836920}
  m_LocalRotation: {x: 0.3838527, y: 0.00818363, z: -0.06693543, w: 0.92092884}
  m_LocalPosition: {x: 0.0046722395, y: 0.2718806, z: 0.029768907}
  m_LocalScale: {x: 1, y: 1, z: 1}
  m_Children:
  - {fileID: 3154471779911159052}
  m_Father: {fileID: 7640746881153215123}
  m_RootOrder: 1
  m_LocalEulerAnglesHint: {x: 0, y: 0, z: 0}
--- !u!1 &8637584160876549311
GameObject:
  m_ObjectHideFlags: 0
  m_CorrespondingSourceObject: {fileID: 0}
  m_PrefabInstance: {fileID: 0}
  m_PrefabAsset: {fileID: 0}
  serializedVersion: 6
  m_Component:
  - component: {fileID: 4646160368577104353}
  - component: {fileID: 3966793265304503075}
  - component: {fileID: 1002275363}
  m_Layer: 0
  m_Name: Mesh_0115.rip
  m_TagString: Untagged
  m_Icon: {fileID: 0}
  m_NavMeshLayer: 0
  m_StaticEditorFlags: 0
  m_IsActive: 1
--- !u!4 &4646160368577104353
Transform:
  m_ObjectHideFlags: 0
  m_CorrespondingSourceObject: {fileID: 0}
  m_PrefabInstance: {fileID: 0}
  m_PrefabAsset: {fileID: 0}
  m_GameObject: {fileID: 8637584160876549311}
  m_LocalRotation: {x: 0, y: -0, z: -0, w: 1}
  m_LocalPosition: {x: -0, y: 0, z: 0}
  m_LocalScale: {x: 1, y: 1, z: 1}
  m_Children: []
  m_Father: {fileID: 1998355005933076011}
  m_RootOrder: 0
  m_LocalEulerAnglesHint: {x: 0, y: 0, z: 0}
--- !u!137 &3966793265304503075
SkinnedMeshRenderer:
  m_ObjectHideFlags: 0
  m_CorrespondingSourceObject: {fileID: 0}
  m_PrefabInstance: {fileID: 0}
  m_PrefabAsset: {fileID: 0}
  m_GameObject: {fileID: 8637584160876549311}
  m_Enabled: 1
  m_CastShadows: 1
  m_ReceiveShadows: 1
  m_DynamicOccludee: 1
  m_MotionVectors: 1
  m_LightProbeUsage: 1
  m_ReflectionProbeUsage: 1
  m_RenderingLayerMask: 1
  m_RendererPriority: 0
  m_Materials:
  - {fileID: 2100000, guid: ab0411fa2b23cd74b904b3abf39b6dc5, type: 2}
  m_StaticBatchInfo:
    firstSubMesh: 0
    subMeshCount: 0
  m_StaticBatchRoot: {fileID: 0}
  m_ProbeAnchor: {fileID: 0}
  m_LightProbeVolumeOverride: {fileID: 0}
  m_ScaleInLightmap: 1
  m_ReceiveGI: 1
  m_PreserveUVs: 0
  m_IgnoreNormalsForChartDetection: 0
  m_ImportantGI: 0
  m_StitchLightmapSeams: 1
  m_SelectedEditorRenderState: 3
  m_MinimumChartSize: 4
  m_AutoUVMaxDistance: 0.5
  m_AutoUVMaxAngle: 89
  m_LightmapParameters: {fileID: 0}
  m_SortingLayerID: 0
  m_SortingLayer: 0
  m_SortingOrder: 0
  serializedVersion: 2
  m_Quality: 0
  m_UpdateWhenOffscreen: 0
  m_SkinnedMotionVectors: 1
  m_Mesh: {fileID: 805216318405765653, guid: 449b59db865580e4da23e486192176e4, type: 3}
  m_Bones:
  - {fileID: 510778735298354012}
  - {fileID: 4751188816371800875}
  - {fileID: 350998612918670156}
  - {fileID: 4069138634991062740}
  - {fileID: 2927268544503054480}
  - {fileID: 3468987996232343883}
  - {fileID: 5599499985723418574}
  - {fileID: 3154471779911159052}
  - {fileID: 7940912357362081852}
  - {fileID: 976720355389176136}
  - {fileID: 6627036667251372698}
  - {fileID: 8075271769342990987}
  - {fileID: 1337141021702558960}
  - {fileID: 6698028862538562036}
  - {fileID: 6393415104936218774}
  - {fileID: 2832393682593430133}
  - {fileID: 8512415885187418631}
  - {fileID: 5787464952421505799}
  - {fileID: 1567429321494385606}
  - {fileID: 7956022924694233089}
  - {fileID: 6402325593987980861}
  - {fileID: 6977311220394076092}
  - {fileID: 7640746881153215123}
  - {fileID: 5666924769428645612}
  - {fileID: 5728898726038764951}
  - {fileID: 5522241766041410142}
  - {fileID: 637402468491049568}
  - {fileID: 3728569972178870894}
  - {fileID: 217284445642502111}
  - {fileID: 1600419284327124354}
  - {fileID: 1445248884488977552}
  - {fileID: 8705511132007940648}
  - {fileID: 3810927641363118199}
  - {fileID: 4920214635591846863}
  - {fileID: 396394859989870112}
  - {fileID: 1966268862987391864}
  - {fileID: 3907996475955755826}
  - {fileID: 6903208439525113460}
  - {fileID: 2044905889459301290}
  m_BlendShapeWeights: []
  m_RootBone: {fileID: 510778735298354012}
  m_AABB:
    m_Center: {x: 0.12919831, y: -0.32668656, z: 0.46901602}
    m_Extent: {x: 1.3503985, y: 0.89039904, z: 1.0557446}
  m_DirtyAABB: 0
--- !u!114 &1002275363
MonoBehaviour:
  m_ObjectHideFlags: 0
  m_CorrespondingSourceObject: {fileID: 0}
  m_PrefabInstance: {fileID: 0}
  m_PrefabAsset: {fileID: 0}
  m_GameObject: {fileID: 8637584160876549311}
  m_Enabled: 1
  m_EditorHideFlags: 0
  m_Script: {fileID: 11500000, guid: 6c6421c5331049947bb8de7156708cfc, type: 3}
  m_Name: 
  m_EditorClassIdentifier: 
  power: 1
  newColor: {r: 0, g: 0.24451472, b: 0.3301887, a: 1}
--- !u!1 &8651480331154143642
GameObject:
  m_ObjectHideFlags: 0
  m_CorrespondingSourceObject: {fileID: 0}
  m_PrefabInstance: {fileID: 0}
  m_PrefabAsset: {fileID: 0}
  serializedVersion: 6
  m_Component:
  - component: {fileID: 6977311220394076092}
  m_Layer: 0
  m_Name: mixamorig:RightHandRing3
  m_TagString: Untagged
  m_Icon: {fileID: 0}
  m_NavMeshLayer: 0
  m_StaticEditorFlags: 0
  m_IsActive: 1
--- !u!4 &6977311220394076092
Transform:
  m_ObjectHideFlags: 0
  m_CorrespondingSourceObject: {fileID: 0}
  m_PrefabInstance: {fileID: 0}
  m_PrefabAsset: {fileID: 0}
  m_GameObject: {fileID: 8651480331154143642}
  m_LocalRotation: {x: 0.3342373, y: -0.0049824743, z: -0.035255067, w: 0.94181615}
  m_LocalPosition: {x: 0.0011071083, y: 0.07104497, z: -5.800298e-10}
  m_LocalScale: {x: 1, y: 1, z: 1}
  m_Children:
  - {fileID: 2224189347129671236}
  m_Father: {fileID: 6402325593987980861}
  m_RootOrder: 0
  m_LocalEulerAnglesHint: {x: 0, y: 0, z: 0}
--- !u!1 &8821733403851215443
GameObject:
  m_ObjectHideFlags: 0
  m_CorrespondingSourceObject: {fileID: 0}
  m_PrefabInstance: {fileID: 0}
  m_PrefabAsset: {fileID: 0}
  serializedVersion: 6
  m_Component:
  - component: {fileID: 6402325593987980861}
  m_Layer: 0
  m_Name: mixamorig:RightHandRing2
  m_TagString: Untagged
  m_Icon: {fileID: 0}
  m_NavMeshLayer: 0
  m_StaticEditorFlags: 0
  m_IsActive: 1
--- !u!4 &6402325593987980861
Transform:
  m_ObjectHideFlags: 0
  m_CorrespondingSourceObject: {fileID: 0}
  m_PrefabInstance: {fileID: 0}
  m_PrefabAsset: {fileID: 0}
  m_GameObject: {fileID: 8821733403851215443}
  m_LocalRotation: {x: 0.5964634, y: -0.0014589564, z: -0.0043903072, w: 0.802627}
  m_LocalPosition: {x: -0.00059127377, y: 0.07046021, z: -1.5249953e-10}
  m_LocalScale: {x: 1, y: 1, z: 1}
  m_Children:
  - {fileID: 6977311220394076092}
  m_Father: {fileID: 2832393682593430133}
  m_RootOrder: 0
  m_LocalEulerAnglesHint: {x: 0, y: 0, z: 0}
--- !u!1 &8825148715273074354
GameObject:
  m_ObjectHideFlags: 0
  m_CorrespondingSourceObject: {fileID: 0}
  m_PrefabInstance: {fileID: 0}
  m_PrefabAsset: {fileID: 0}
  serializedVersion: 6
  m_Component:
  - component: {fileID: 8512415885187418631}
  m_Layer: 0
  m_Name: mixamorig:RightHandPinky1
  m_TagString: Untagged
  m_Icon: {fileID: 0}
  m_NavMeshLayer: 0
  m_StaticEditorFlags: 0
  m_IsActive: 1
--- !u!4 &8512415885187418631
Transform:
  m_ObjectHideFlags: 0
  m_CorrespondingSourceObject: {fileID: 0}
  m_PrefabInstance: {fileID: 0}
  m_PrefabAsset: {fileID: 0}
  m_GameObject: {fileID: 8825148715273074354}
  m_LocalRotation: {x: 0.6455194, y: -0.023596426, z: 0.03455678, w: 0.7625967}
  m_LocalPosition: {x: 0.07231057, y: 0.28260708, z: -0.048750892}
  m_LocalScale: {x: 1, y: 1, z: 1}
  m_Children:
  - {fileID: 7956022924694233089}
  m_Father: {fileID: 976720355389176136}
  m_RootOrder: 2
  m_LocalEulerAnglesHint: {x: 0, y: 0, z: 0}
--- !u!1 &8895006445896156341
GameObject:
  m_ObjectHideFlags: 0
  m_CorrespondingSourceObject: {fileID: 0}
  m_PrefabInstance: {fileID: 0}
  m_PrefabAsset: {fileID: 0}
  serializedVersion: 6
  m_Component:
  - component: {fileID: 3468987996232343883}
  m_Layer: 0
  m_Name: mixamorig:LeftForeArm
  m_TagString: Untagged
  m_Icon: {fileID: 0}
  m_NavMeshLayer: 0
  m_StaticEditorFlags: 0
  m_IsActive: 1
--- !u!4 &3468987996232343883
Transform:
  m_ObjectHideFlags: 0
  m_CorrespondingSourceObject: {fileID: 0}
  m_PrefabInstance: {fileID: 0}
  m_PrefabAsset: {fileID: 0}
  m_GameObject: {fileID: 8895006445896156341}
  m_LocalRotation: {x: -0.0015731403, y: 0.121296816, z: -0.455235, w: 0.882069}
  m_LocalPosition: {x: -2.2129483e-10, y: 0.61445445, z: 0.0000000023914486}
  m_LocalScale: {x: 1, y: 1, z: 1}
  m_Children:
  - {fileID: 7640746881153215123}
  m_Father: {fileID: 2927268544503054480}
  m_RootOrder: 0
  m_LocalEulerAnglesHint: {x: 0, y: 0, z: 0}
--- !u!1 &8933198767487459249
GameObject:
  m_ObjectHideFlags: 0
  m_CorrespondingSourceObject: {fileID: 0}
  m_PrefabInstance: {fileID: 0}
  m_PrefabAsset: {fileID: 0}
  serializedVersion: 6
  m_Component:
  - component: {fileID: 2927268544503054480}
  m_Layer: 0
  m_Name: mixamorig:LeftArm
  m_TagString: Untagged
  m_Icon: {fileID: 0}
  m_NavMeshLayer: 0
  m_StaticEditorFlags: 0
  m_IsActive: 1
--- !u!4 &2927268544503054480
Transform:
  m_ObjectHideFlags: 0
  m_CorrespondingSourceObject: {fileID: 0}
  m_PrefabInstance: {fileID: 0}
  m_PrefabAsset: {fileID: 0}
  m_GameObject: {fileID: 8933198767487459249}
  m_LocalRotation: {x: 0.32302436, y: -0.045335244, z: -0.13110718, w: 0.9361682}
  m_LocalPosition: {x: -5.621686e-11, y: 0.36065716, z: 0.0000000014440019}
  m_LocalScale: {x: 1, y: 1, z: 1}
  m_Children:
  - {fileID: 3468987996232343883}
  m_Father: {fileID: 5599499985723418574}
  m_RootOrder: 0
  m_LocalEulerAnglesHint: {x: 0, y: 0, z: 0}
--- !u!1 &8938614864807359754
GameObject:
  m_ObjectHideFlags: 0
  m_CorrespondingSourceObject: {fileID: 0}
  m_PrefabInstance: {fileID: 0}
  m_PrefabAsset: {fileID: 0}
  serializedVersion: 6
  m_Component:
  - component: {fileID: 7940912357362081852}
  m_Layer: 0
  m_Name: mixamorig:LeftHandMiddle3
  m_TagString: Untagged
  m_Icon: {fileID: 0}
  m_NavMeshLayer: 0
  m_StaticEditorFlags: 0
  m_IsActive: 1
--- !u!4 &7940912357362081852
Transform:
  m_ObjectHideFlags: 0
  m_CorrespondingSourceObject: {fileID: 0}
  m_PrefabInstance: {fileID: 0}
  m_PrefabAsset: {fileID: 0}
  m_GameObject: {fileID: 8938614864807359754}
  m_LocalRotation: {x: 0.16044912, y: -0.013761545, z: 0.099187635, w: 0.9819514}
  m_LocalPosition: {x: -0.002731958, y: 0.08575054, z: -8.2156504e-11}
  m_LocalScale: {x: 1, y: 1, z: 1}
  m_Children:
  - {fileID: 4952684480839944575}
  m_Father: {fileID: 3154471779911159052}
  m_RootOrder: 0
  m_LocalEulerAnglesHint: {x: 0, y: 0, z: 0}
--- !u!1 &8944673595383284821
GameObject:
  m_ObjectHideFlags: 0
  m_CorrespondingSourceObject: {fileID: 0}
  m_PrefabInstance: {fileID: 0}
  m_PrefabAsset: {fileID: 0}
  serializedVersion: 6
  m_Component:
  - component: {fileID: 7956022924694233089}
  m_Layer: 0
  m_Name: mixamorig:RightHandPinky2
  m_TagString: Untagged
  m_Icon: {fileID: 0}
  m_NavMeshLayer: 0
  m_StaticEditorFlags: 0
  m_IsActive: 1
--- !u!4 &7956022924694233089
Transform:
  m_ObjectHideFlags: 0
  m_CorrespondingSourceObject: {fileID: 0}
  m_PrefabInstance: {fileID: 0}
  m_PrefabAsset: {fileID: 0}
  m_GameObject: {fileID: 8944673595383284821}
  m_LocalRotation: {x: 0.4570804, y: -0.009535939, z: -0.013924837, w: 0.8892653}
  m_LocalPosition: {x: 0.0022401956, y: 0.07293214, z: -6.634883e-10}
  m_LocalScale: {x: 1, y: 1, z: 1}
  m_Children:
  - {fileID: 2044905889459301290}
  m_Father: {fileID: 8512415885187418631}
  m_RootOrder: 0
  m_LocalEulerAnglesHint: {x: 0, y: 0, z: 0}
--- !u!1 &9121250849682806515
GameObject:
  m_ObjectHideFlags: 0
  m_CorrespondingSourceObject: {fileID: 0}
  m_PrefabInstance: {fileID: 0}
  m_PrefabAsset: {fileID: 0}
  serializedVersion: 6
  m_Component:
  - component: {fileID: 3653423483104818636}
  m_Layer: 0
  m_Name: mixamorig:RightUpLeg
  m_TagString: Untagged
  m_Icon: {fileID: 0}
  m_NavMeshLayer: 0
  m_StaticEditorFlags: 0
  m_IsActive: 1
--- !u!4 &3653423483104818636
Transform:
  m_ObjectHideFlags: 0
  m_CorrespondingSourceObject: {fileID: 0}
  m_PrefabInstance: {fileID: 0}
  m_PrefabAsset: {fileID: 0}
  m_GameObject: {fileID: 9121250849682806515}
  m_LocalRotation: {x: -0.0015897794, y: 0.18266675, z: 0.9803548, w: -0.07439635}
  m_LocalPosition: {x: 0.22905074, y: -0.14719102, z: 0.045071412}
  m_LocalScale: {x: 1, y: 1, z: 1}
  m_Children:
  - {fileID: 6269151846471700876}
  m_Father: {fileID: 2035987279049137325}
  m_RootOrder: 1
  m_LocalEulerAnglesHint: {x: 0, y: 0, z: 0}
--- !u!1 &9159392269486081869
GameObject:
  m_ObjectHideFlags: 0
  m_CorrespondingSourceObject: {fileID: 0}
  m_PrefabInstance: {fileID: 0}
  m_PrefabAsset: {fileID: 0}
  serializedVersion: 6
  m_Component:
  - component: {fileID: 5599499985723418574}
  m_Layer: 0
  m_Name: mixamorig:LeftShoulder
  m_TagString: Untagged
  m_Icon: {fileID: 0}
  m_NavMeshLayer: 0
  m_StaticEditorFlags: 0
  m_IsActive: 1
--- !u!4 &5599499985723418574
Transform:
  m_ObjectHideFlags: 0
  m_CorrespondingSourceObject: {fileID: 0}
  m_PrefabInstance: {fileID: 0}
  m_PrefabAsset: {fileID: 0}
  m_GameObject: {fileID: 9159392269486081869}
  m_LocalRotation: {x: 0.5829071, y: -0.37627846, z: 0.67004937, w: 0.26394638}
  m_LocalPosition: {x: -0.17362805, y: 0.33485362, z: -0.002173839}
  m_LocalScale: {x: 1, y: 1, z: 1}
  m_Children:
  - {fileID: 2927268544503054480}
  m_Father: {fileID: 510778735298354012}
  m_RootOrder: 0
  m_LocalEulerAnglesHint: {x: 0, y: 0, z: 0}
--- !u!1001 &6827775364315027078
PrefabInstance:
  m_ObjectHideFlags: 0
  serializedVersion: 2
  m_Modification:
    m_TransformParent: {fileID: 976720355389176136}
    m_Modifications:
    - target: {fileID: -927199367670048503, guid: ea45424526f1831498872a0572a72c51,
        type: 3}
      propertyPath: m_Name
      value: sword
      objectReference: {fileID: 0}
    - target: {fileID: -4216859302048453862, guid: ea45424526f1831498872a0572a72c51,
        type: 3}
      propertyPath: m_LocalPosition.x
      value: -0.04158174
      objectReference: {fileID: 0}
    - target: {fileID: -4216859302048453862, guid: ea45424526f1831498872a0572a72c51,
        type: 3}
      propertyPath: m_LocalPosition.y
      value: 0.24999478
      objectReference: {fileID: 0}
    - target: {fileID: -4216859302048453862, guid: ea45424526f1831498872a0572a72c51,
        type: 3}
      propertyPath: m_LocalPosition.z
      value: 0.1467447
      objectReference: {fileID: 0}
    - target: {fileID: -4216859302048453862, guid: ea45424526f1831498872a0572a72c51,
        type: 3}
      propertyPath: m_LocalRotation.x
      value: -0.6686278
      objectReference: {fileID: 0}
    - target: {fileID: -4216859302048453862, guid: ea45424526f1831498872a0572a72c51,
        type: 3}
      propertyPath: m_LocalRotation.y
      value: 0.32124403
      objectReference: {fileID: 0}
    - target: {fileID: -4216859302048453862, guid: ea45424526f1831498872a0572a72c51,
        type: 3}
      propertyPath: m_LocalRotation.z
      value: -0.5616641
      objectReference: {fileID: 0}
    - target: {fileID: -4216859302048453862, guid: ea45424526f1831498872a0572a72c51,
        type: 3}
      propertyPath: m_LocalRotation.w
      value: 0.36643234
      objectReference: {fileID: 0}
    - target: {fileID: -4216859302048453862, guid: ea45424526f1831498872a0572a72c51,
        type: 3}
      propertyPath: m_RootOrder
      value: 5
      objectReference: {fileID: 0}
    - target: {fileID: -4216859302048453862, guid: ea45424526f1831498872a0572a72c51,
        type: 3}
      propertyPath: m_LocalEulerAnglesHint.x
      value: 101.77698
      objectReference: {fileID: 0}
    - target: {fileID: -4216859302048453862, guid: ea45424526f1831498872a0572a72c51,
        type: 3}
      propertyPath: m_LocalEulerAnglesHint.y
      value: 89.99999
      objectReference: {fileID: 0}
    - target: {fileID: -4216859302048453862, guid: ea45424526f1831498872a0572a72c51,
        type: 3}
      propertyPath: m_LocalEulerAnglesHint.z
      value: 180
      objectReference: {fileID: 0}
    - target: {fileID: -1504981713932161579, guid: ea45424526f1831498872a0572a72c51,
        type: 3}
      propertyPath: m_Materials.Array.data[0]
      value: 
      objectReference: {fileID: 2100000, guid: e4efb2588c28b6d4aabdbeafb6d084f4, type: 2}
    m_RemovedComponents: []
  m_SourcePrefab: {fileID: 100100000, guid: ea45424526f1831498872a0572a72c51, type: 3}
--- !u!4 &1998355006032493980 stripped
Transform:
  m_CorrespondingSourceObject: {fileID: -4216859302048453862, guid: ea45424526f1831498872a0572a72c51,
    type: 3}
  m_PrefabInstance: {fileID: 6827775364315027078}
  m_PrefabAsset: {fileID: 0}
